4106 4974
1598 405 1672 460 221

274 595 310 656 et
324 589 371 653 15.
391 603 456 674 pro
477 587 576 650 ttoso
597 586 695 652 Gom.
712 585 744 648 o
771 581 839 650 Sed
866 580 926 646 hio
946 578 1040 644 nibil
1059 579 1125 644 bso
1144 576 1374 664 explicatione
1392 593 1480 664 opus
1499 581 1561 644 est.
1593 593 1675 643 num

274 700 459 776 queuntes
476 693 612 758 looutns
625 698 698 757 erat
719 693 763 756 de
781 686 936 754 historie
956 685 1145 788 spribendae
1164 683 1359 769 proposito,
1374 685 1470 749 baud
1490 682 1604 749 aliens
1619 681 1676 762 jn·

148 868 153 878 ,
273 798 401 862 dicavit
418 797 601 877 Salustiuss
621 799 682 862 sed
699 814 777 876 qum
796 779 848 856 ds'
861 791 1052 857 ambitione
1073 789 1202 855 civium
1222 789 1370 873 dixerat,
1399 788 1539 876 longius
1557 805 1579 851 n
1596 805 1677 873 pro-

273 904 388 990 posito
407 909 624 970 recesserunt.
658 903 773 984 Quare
793 896 838 960 iis
856 894 992 961 omissis
1012 903 1103 960 recte
1123 895 1238 960 dicere
1258 902 1408 979 poter-st,
1428 913 1465 959 se
1483 898 1529 958 sd
1548 911 1678 978 propo-

275 1009 380 1074 situm
397 1027 470 1073 esse
486 1006 907 1072 rediturum-ceterum
915 999 1071 1065 Cutilinae
1091 1007 1126 1066 et
1145 1000 1323 1086 Jugunhe
1334 996 1554 1083 prefationes
1573 1001 1616 1066 V.
1634 1001 1678 1062 D.

275 1112 504 1197 oornpnrnrit,
522 1109 740 1194 etquibusin
761 1108 864 1173 rebus
882 1105 1014 1170 similes
1032 1105 1124 1189 sint,
1143 1103 1292 1170 edocuit.
1311 1103 1372 1172 cfr.
1392 1103 1567 1172 vincentii
1587 1105 1679 1168 Gon·

276 1216 387 1284 tareni
407 1217 485 1281 Lib.
505 1218 585 1282 Vas.
604 1217 695 1280 Loot.
713 1212 855 1292 Trsjeot.
875 1211 920 1274 nd
939 1212 1051 1275 llben.
1068 1211 1159 1290 ²7⁵4·
1178 1227 1317 1293 capno.
1337 1209 1507 1296 psg'.109.

365 1325 447 1405 Gsp.
465 1323 505 1386 V.
537 1326 653 1384 atron
673 1318 815 1404 proprie
835 1318 980 1400 crudus,
1000 1323 1092 1380 reate
1112 1313 1207 1380 enim
1220 1315 1346 1382 Graeoae
1359 1315 1507 1402 originis
1524 1331 1596 1380 esse
1612 1335 1680 1400 pu·

276 1431 379 1488 tutus.
398 1418 695 1521 dipsisfiguratot
714 1441 849 1505 seems,
869 1419 1029 1486 crudelis.
1060 1416 1202 1485 obuiam
1228 1415 1284 1484 ire
1300 1419 1325 1488 i.
1345 1439 1375 1485 e.
1396 1419 1568 1503 resistere,
1588 1420 1682 1503 apud

275 1530 431 1594 Tacitum
451 1528 643 1594 innumeris
661 1527 766 1611 locis,
787 1526 1004 1612 etismnpud
1023 1532 1180 1590 nostrum
1198 1525 1293 1588 haud
1313 1523 1523 1608 infrequens.
1556 1519 1682 1590 divina

275 1642 390 1717 atque
409 1635 581 1702 humana.
623 1633 686 1698 etr.
706 1635 776 1696 eat.
797 1652 869 1717 onp.
891 1653 939 1695 rt.
958 1647 1008 1715 tn,
1040 1627 1162 1696 divina
1186 1651 1269 1694 oum
1289 1628 1461 1694 humanis
1475 1624 1681 1713 permiscet.

276 1740 373 1805 duct.
390 1743 450 1824 Ep.
471 1743 515 1805 de
535 1742 578 1809 R.
599 1740 681 1803 Ord.
698 1755 725 1802 n.
741 1741 771 1804 8.
791 1737 883 1802 infre
899 1740 949 1800 δι.
990 1730 1111 1799 divina
1130 1740 1169 1798 st
1189 1734 1352 1799 humana
1372 1732 1498 1800 omnia
1519 1729 1683 1799 hostibus

277 1841 544 1926 traditarum,
574 1852 609 1908 et
628 1845 750 1907 eodem
770 1840 911 1926 ospitet
941 1833 1062 1903 divina
1092 1844 1129 1902 et
1154 1836 1253 1906 dum.
1274 1835 1400 1903 omniu
1415 1859 1526 1923 penes
1538 1857 1684 1924 paucos

277 1956 396 2015 erant.
426 1967 532 2030 qnare
552 1946 657 2012 etiam
676 1949 744 2011 boo
763 1945 842 2010 looo
863 1950 1006 2012 cuncta,
1018 1941 1257 2028 retinendum,
1277 1946 1373 2025 quod
1386 1945 1533 2009 Grutero
1547 1964 1684 2029 snspeo.

277 2053 488 2131 tumvimm3
513 2048 628 2137 explet
645 2051 739 2116 enim
749 2069 821 2115 non
833 2058 902 2114 tam
917 2046 1125 2113 sententiam
1145 2066 1249 2128 quam
1269 2067 1463 2112 numerum.
1482 2046 1606 2111 studia
1626 2047 1684 2110 in·

277 2159 484 2243 telliguntur
495 2158 689 2220 voluntates
707 2176 780 2219 non
801 2157 921 2220 eadem
942 2155 987 2218 de
1006 2151 1184 2236 republica
1192 2150 1426 2238 sentientium,
1445 2153 1598 2238 portium
1613 2160 1683 2216 stu·-

278 2261 396 2344 dium,
424 2264 517 2325 unde
545 2259 712 2324 factiones
743 2259 830 2322 oriri
844 2259 979 2327 solent.
1031 2255 1094 2324 cir.
1114 2255 1184 2324 cte:
1210 2278 1289 2348 pro*
1313 2259 1487 2327 'Marcello
1523 2280 1573 2334 ιο.
1607 2277 1684 2323 non
1792 2249 1799 2260 ’

279 2361 375 2433 enim
397 2360 562 2430 consiliii
580 2361 672 2430 solis
692 2371 728 2429 et
746 2359 896 2454 studiis,
923 2367 991 2434 sed
1013 2361 1129 2435 amis
1149 2363 1260 2434 etiam
1281 2378 1317 2434 et
1337 2364 1471 2434 castris
1489 2360 1684 2431 dissideba-

281 2491 372 2534 mus.
385 2490 546 2549 -supra
556 2469 616 2534 cfr.
627 2471 697 2535 eat.
714 2473 742 2541 5.
753 2475 927 2552 Teudnn.
939 2479 988 2541 16.
1005 2479 1055 2540 18.
1066 2475 1157 2541 tec.
1170 2473 1571 2568 Petrejopauaasupra
1584 2489 1686 2553 repe·

283 2583 345 2640 ten
350 2576 502 2643 dosunt.
515 2574 554 2640 in
561 2578 1110 2664 huoverborumstmolurnsupra
1116 2601 1189 2644 non
1197 2579 1411 2664 adverbium,
1418 2582 1479 2644 sed
1487 2580 1686 2644 Graecorum

280 2699 381 2746 more
402 2701 530 2746 nomen
551 2691 611 2748 est.
630 2684 670 2748 id
689 2689 783 2768 quod
804 2685 1078 2752 luculentissime
1096 2693 1190 2769 patet
1219 2704 1261 2748 ex
1279 2683 1358 2771 lug.
1373 2701 1422 2761 ²4·
1449 2678 1617 2771 intelligo
1641 2675 1687 2762 it·

281 2785 357 2847 lum
377 2807 494 2870 snpra
516 2809 625 2872 quam
647 2811 714 2878 ego
733 2811 813 2854 sum
828 2801 961 2875 petere.
982 2789 1044 2857 oft.
1067 2789 1171 2854 etiam
1190 2791 1270 2858 Tac.
1289 2793 1379 2854 Anu.
1393 2793 1423 2853 6.
1431 2795 1481 2868 ³9·
1505 2787 1686 2869 quodpar

281 2887 462 2978 negotiis,
482 2912 598 2975 neque
614 2914 727 2975 supra
748 2904 840 2958 erat.
864 2935 898 2949 -
921 2891 960 2958 in
981 2902 1122 2977 aperto.
1138 2892 1219 2956 ride
1237 2897 1282 2957 ad
1303 2897 1373 2962 Cat.
1394 2908 1445 2968 ts.
1474 2895 1553 2955 Tso.
1572 2889 1685 2976 Agris

283 3014 310 3065 ι.
331 2993 403 3058 Liv.
427 2999 459 3063 3.
479 2996 507 3056 8.
529 2996 567 3058 in
578 2991 698 3085 facili
716 3001 747 3064 3.
770 3015 817 3060 to.
839 2994 879 3061 in
890 2997 1056 3085 integro,
1074 2994 1114 3062 in
1135 2996 1291 3063 obscuro
1321 2998 1415 3066 idem
1438 2994 1569 3080 praetst.
1598 3000 1687 3077 post

279 3094 578 3186 magnitudinem.
599 3099 788 3164 dictionem
806 3103 980 3184 vulgatam
1003 3101 1089 3162 dioit
1111 3107 1199 3164 cort.
1218 3103 1278 3164 sed
1298 3102 1413 3164 multo
1436 3099 1595 3164 usitatius
1615 3103 1689 3162 erat

280 3202 414 3268 dicere:
433 3225 479 3267 em
499 3222 572 3286 quo
592 3201 755 3268 Romani
774 3201 903 3294 magni
910 3199 1019 3294 sacti
1029 3227 1039 3283 3
1061 3207 1121 3268 sed
1153 3204 1278 3291 moris,
1298 3207 1360 3288 qui
1380 3214 1497 3291 postes
1518 3203 1687 3288 invaluit,

279 3309 397 3393 plures
427 3328 545 3373 sensus
562 3309 853 3374 substantivorum
874 3309 1005 3374 auxilio
1027 3310 1362 3396 comprehendendi,
1387 3315 1482 3396 npud
1500 3309 1687 3374 Salustium

279 3415 392 3499 prims
398 3411 622 3480 inveniuntur
639 3416 791 3501 vestigia.
798 3419 893 3495 quod
906 3413 1079 3497 quidemn
1088 3415 1293 3483 Ciceronian
1303 3416 1465 3480 odicendi
1473 3413 1687 3502 genereslie·

281 3519 482 3604 nissimum,
501 3524 562 3588 sed
580 3521 700 3584 Tacito
725 3520 987 3590 usitatissimum
1007 3527 1072 3584 est.
1089 3525 1177 3584 Eece
1192 3541 1302 3584 unum
1322 3523 1516 3607 exemplum
1537 3519 1686 3586 emultis-

280 3625 363 3688 dnn.
373 3628 422 3697 16.
438 3623 601 3691 r.1IIusit
621 3621 748 3688 delium
769 3622 914 3691 Neroni
922 3619 1089 3712 fortuna
1105 3645 1176 3707 per·
1195 3622 1394 3690 vanitatem
1414 3623 1528 3710 t'psius
1547 3635 1583 3689 et
1598 3644 1687 3707 pro·

282 3724 392 3792 missa
413 3726 561 3796 Cesellr'i
590 3723 707 3794 Bassi.
745 3725 959 3800 Masinissa.
994 3727 1055 3791 cir.
1084 3728 1157 3790 liv.
1174 3747 1223 3807 ²9·
1241 3745 1291 3811 29,
1320 3729 1446 3792 lustin.
1461 3731 1511 3792 38.
1525 3731 1554 3795 6.
1577 3729 1685 3804 Cicer,

280 3833 397 3898 Somn.
413 3835 503 3918 Scip.
521 3855 549 3902 ι,
576 3830 616 3897 in
635 3830 803 3900 amicitia
824 3837 1001 3915 receptus.
1021 3851 1125 3913 quam
1137 3833 1321 3896 lectionem
1335 3833 1495 3897 meliores
1506 3832 1592 3898 libri
1605 3853 1688 3898 oon·

281 3937 434 4021 firmant,
455 3955 495 4002 es
514 3956 653 4020 quoque
673 3946 830 4020 tuentur,
849 3957 925 4018 quae
939 3956 1048 4021 supra.
1056 3940 1099 4002 de
1113 3937 1368 4021 permutatione
1384 3937 1567 4004 acmnttti
1579 3949 1613 4005 et
1624 3941 1686 4004 ub·

280 4040 380 4104 latini
400 4041 600 4110 dictasunt.
627 4037 684 4105 rei
701 4039 876 4105 militarit
884 4038 1080 4131 facinora.
1112 4042 1174 4107 oir.
1188 4045 1259 4106 Cat.
1275 4047 1324 4110 bi.
1346 4061 1450 4128 supra
1468 4064 1541 4128 cap.
1561 4060 1590 4108 2.
1630 4041 1687 4108 tn.-

280 4140 383 4233 genii
389 4141 582 4234 facinora.
610 4147 679 4210 cic.
699 4167 764 4230 pro
784 4149 934 4212 Murena
952 4167 1024 4232 esp.
1040 4167 1089 4210 ro.
1117 4145 1174 4212 rei
1192 4145 1367 4212 militaris
1388 4145 1502 4214 virtus
1515 4155 1687 4231 praestat

284 4247 413 4318 ceteris
428 4249 647 4316 omnibus.-
656 4252 827 4342 Syphace.
839 4251 900 4317 cir.
920 4251 992 4323 tir.
1012 4269 1062 4335 24.
1080 4253 1145 4336 483
1160 4258 1211 4322 io.
1224 4271 1271 4320 tn.
1290 4253 1689 4338 oppian.detteb.1²un
