<?xml version="1.0" encoding="UTF-8"?>
<!DOCTYPE html PUBLIC "-//W3C//DTD XHTML 1.0 Transitional//EN"
    "http://www.w3.org/TR/xhtml1/DTD/xhtml1-transitional.dtd">
<html xmlns="http://www.w3.org/1999/xhtml" xml:lang="en" lang="en">
 <head>
  <title>
</title>
<meta http-equiv="Content-Type" content="text/html;charset=utf-8" />
  <meta name='ocr-system' content='tesseract 3.04.00' />
  <meta name='ocr-capabilities' content='ocr_page ocr_carea ocr_par ocr_line ocrx_word'/>
</head>
<body>
  <div class='ocr_page' id='page_1' title='image "./salustiiquaeexs02sallgoog_0082.png"; bbox 0 0 4116 4970; ppageno 0'>
   <div class='ocr_carea' id='block_1_1' title="bbox 1603 385 1653 481">
    <p class='ocr_par' dir='ltr' id='par_1_1' title="bbox 1603 385 1653 481">
     <span class='ocr_line' id='line_1_1' title="bbox 1603 385 1653 481; baseline 0 0"><span class='ocrx_word' id='word_1_1' title='bbox 1603 385 1653 481; x_wconf 81' lang='lat'><strong>69</strong></span> 
     </span>
    </p>
   </div>
   <div class='ocr_carea' id='block_1_2' title="bbox 245 578 1653 4330">
    <p class='ocr_par' dir='ltr' id='par_1_2' title="bbox 250 578 1653 2040">
     <span class='ocr_line' id='line_1_2' title="bbox 262 578 1651 686; baseline -0.009 -23"><span class='ocrx_word' id='word_1_2' title='bbox 262 611 413 684; x_wconf 82' lang='lat' dir='ltr'><strong>gereret,</strong></span> <span class='ocrx_word' id='word_1_3' title='bbox 434 601 576 666; x_wconf 85' lang='lat' dir='ltr'><strong>insidias</strong></span> <span class='ocrx_word' id='word_1_4' title='bbox 595 602 717 668; x_wconf 88' lang='lat' dir='ltr'><strong>struxit</strong></span> <span class='ocrx_word' id='word_1_5' title='bbox 738 609 840 686; x_wconf 86' lang='lat' dir='ltr'><strong>atque</strong></span> <span class='ocrx_word' id='word_1_6' title='bbox 859 602 986 666; x_wconf 84' lang='lat' dir='ltr'><strong>vulnus</strong></span> <span class='ocrx_word' id='word_1_7' title='bbox 1006 593 1134 665; x_wconf 85' lang='lat' dir='ltr'><strong>intulit.</strong></span> <span class='ocrx_word' id='word_1_8' title='bbox 1165 599 1232 662; x_wconf 89' lang='lat' dir='ltr'><strong>Cic.</strong></span> <span class='ocrx_word' id='word_1_9' title='bbox 1252 589 1317 681; x_wconf 83' lang='lat' dir='ltr'><strong>pro</strong></span> <span class='ocrx_word' id='word_1_10' title='bbox 1329 593 1425 657; x_wconf 82' lang='lat' dir='ltr'><strong>Sulla</strong></span> <span class='ocrx_word' id='word_1_11' title='bbox 1444 611 1517 674; x_wconf 78' lang='lat' dir='ltr'><strong>cap.</strong></span> <span class='ocrx_word' id='word_1_12' title='bbox 1530 591 1578 652; x_wconf 74' lang='lat' dir='ltr'><strong>ai.</strong></span> <span class='ocrx_word' id='word_1_13' title='bbox 1599 578 1651 650; x_wconf 83' lang='lat' dir='ltr'><strong>ri-</strong></span> 
     </span>
     <span class='ocr_line' id='line_1_3' title="bbox 258 701 1652 792; baseline -0.008 -27"><span class='ocrx_word' id='word_1_14' title='bbox 258 707 301 767; x_wconf 87' lang='lat' dir='ltr'><strong>de</strong></span> <span class='ocrx_word' id='word_1_15' title='bbox 321 710 583 787; x_wconf 80' lang='lat' dir='ltr'><strong>praetereaOrat.</strong></span> <span class='ocrx_word' id='word_1_16' title='bbox 605 708 722 771; x_wconf 89' lang='lat' dir='ltr'><strong>iuCat.</strong></span> <span class='ocrx_word' id='word_1_17' title='bbox 737 714 773 792; x_wconf 81' lang='lat'><strong>3,</strong></span> <span class='ocrx_word' id='word_1_18' title='bbox 787 714 817 772; x_wconf 81' lang='lat'><strong>3.</strong></span> <span class='ocrx_word' id='word_1_19' title='bbox 833 711 861 771; x_wconf 81' lang='lat'><strong>5.</strong></span> <span class='ocrx_word' id='word_1_20' title='bbox 883 710 955 787; x_wconf 90' lang='lat' dir='ltr'><strong>ejus</strong></span> <span class='ocrx_word' id='word_1_21' title='bbox 975 707 1141 770; x_wconf 84' lang='lat' dir='ltr'>furiosam</span> <span class='ocrx_word' id='word_1_22' title='bbox 1163 703 1389 768; x_wconf 70' lang='lat' dir='ltr'><strong>temeritatem</strong></span> <span class='ocrx_word' id='word_1_23' title='bbox 1409 701 1652 760; x_wconf 76' lang='lat' dir='ltr'><strong>commemorat</strong></span> 
     </span>
     <span class='ocr_line' id='line_1_4' title="bbox 257 801 1652 894; baseline -0.009 -25"><span class='ocrx_word' id='word_1_24' title='bbox 257 807 347 870; x_wconf 87' lang='lat' dir='ltr'><strong>idem</strong></span> <span class='ocrx_word' id='word_1_25' title='bbox 370 810 392 876; x_wconf 91' lang='lat' dir='ltr'><strong>l.</strong></span> <span class='ocrx_word' id='word_1_26' title='bbox 410 812 432 871; x_wconf 90' lang='lat'><strong>1.</strong></span> <span class='ocrx_word' id='word_1_27' title='bbox 450 833 478 872; x_wconf 89' lang='lat' dir='ltr'><strong>c.</strong></span> <span class='ocrx_word' id='word_1_28' title='bbox 496 833 524 890; x_wconf 94' lang='lat'><strong>7.</strong></span> <span class='ocrx_word' id='word_1_29' title='bbox 547 814 613 875; x_wconf 87' lang='lat' dir='ltr'><strong>Sat.</strong></span> <span class='ocrx_word' id='word_1_30' title='bbox 637 813 727 874; x_wconf 81' lang='lat' dir='ltr'><strong>inira</strong></span> <span class='ocrx_word' id='word_1_31' title='bbox 749 831 822 894; x_wconf 84' lang='lat' dir='ltr'><strong>cap.</strong></span> <span class='ocrx_word' id='word_1_32' title='bbox 841 817 890 887; x_wconf 81' lang='lat'><strong>43.</strong></span> <span class='ocrx_word' id='word_1_33' title='bbox 912 817 1071 886; x_wconf 57' lang='lat' dir='ltr'><strong>,Nature</strong></span> <span class='ocrx_word' id='word_1_34' title='bbox 1090 810 1202 892; x_wconf 81' lang='lat' dir='ltr'><strong>ferox,</strong></span> <span class='ocrx_word' id='word_1_35' title='bbox 1222 806 1356 887; x_wconf 89' lang='lat' dir='ltr'><strong>inquit,</strong></span> <span class='ocrx_word' id='word_1_36' title='bbox 1379 801 1562 864; x_wconf 88' lang='lat' dir='ltr'><strong>vehemens</strong></span> <span class='ocrx_word' id='word_1_37' title='bbox 1581 816 1652 858; x_wconf 83' lang='lat' dir='ltr'><strong>rua·</strong></span> 
     </span>
     <span class='ocr_line' id='line_1_5' title="bbox 257 905 1651 997; baseline -0.008 -23"><span class='ocrx_word' id='word_1_38' title='bbox 257 931 303 974; x_wconf 91' lang='lat' dir='ltr'><strong>nu</strong></span> <span class='ocrx_word' id='word_1_39' title='bbox 324 925 501 996; x_wconf 90' lang='lat' dir='ltr'><strong>promptus</strong></span> <span class='ocrx_word' id='word_1_40' title='bbox 522 925 613 997; x_wconf 88' lang='lat' dir='ltr'><strong>erat,</strong></span> <span class='ocrx_word' id='word_1_41' title='bbox 634 915 819 976; x_wconf 81' lang='lat' dir='ltr'><strong>maximum</strong></span> <span class='ocrx_word' id='word_1_42' title='bbox 839 917 970 976; x_wconf 89' lang='lat' dir='ltr'><strong>bonum</strong></span> <span class='ocrx_word' id='word_1_43' title='bbox 992 915 1029 976; x_wconf 91' lang='lat' dir='ltr'><strong>in</strong></span> <span class='ocrx_word' id='word_1_44' title='bbox 1052 913 1224 976; x_wconf 87' lang='lat' dir='ltr'><strong>celeritate</strong></span> <span class='ocrx_word' id='word_1_45' title='bbox 1244 910 1394 991; x_wconf 83' lang='lat' dir='ltr'><strong>putabat.</strong></span> <span class='ocrx_word' id='word_1_46' title='bbox 1407 905 1426 937; x_wconf 91' lang='lat'><strong>&#39;&#39;</strong></span> <span class='ocrx_word' id='word_1_47' title='bbox 1446 907 1489 966; x_wconf 85' lang='lat' dir='ltr'><strong>ad</strong></span> <span class='ocrx_word' id='word_1_48' title='bbox 1504 905 1651 967; x_wconf 87' lang='lat' dir='ltr'><strong>eundem</strong></span> 
     </span>
     <span class='ocr_line' id='line_1_6' title="bbox 255 1011 1653 1100; baseline -0.005 -25"><span class='ocrx_word' id='word_1_49' title='bbox 255 1015 358 1076; x_wconf 76' lang='lat' dir='ltr'><strong>refert</strong></span> <span class='ocrx_word' id='word_1_50' title='bbox 380 1019 513 1084; x_wconf 88' lang='lat' dir='ltr'><strong>Cortius</strong></span> <span class='ocrx_word' id='word_1_51' title='bbox 533 1020 636 1080; x_wconf 80' lang='lat' dir='ltr'><strong>verba</strong></span> <span class='ocrx_word' id='word_1_52' title='bbox 647 1017 801 1100; x_wconf 85' lang='lat' dir='ltr'><strong>Philippi</strong></span> <span class='ocrx_word' id='word_1_53' title='bbox 812 1021 911 1083; x_wconf 86' lang='lat' dir='ltr'><strong>Cons.</strong></span> <span class='ocrx_word' id='word_1_54' title='bbox 931 1019 1010 1080; x_wconf 83' lang='lat' dir='ltr'><strong>vide</strong></span> <span class='ocrx_word' id='word_1_55' title='bbox 1024 1019 1155 1100; x_wconf 85' lang='lat' dir='ltr'><strong>Fragm.</strong></span> <span class='ocrx_word' id='word_1_56' title='bbox 1170 1015 1245 1076; x_wconf 87' lang='lat' dir='ltr'>Lib.</span> <span class='ocrx_word' id='word_1_57' title='bbox 1261 1015 1287 1074; x_wconf 95' lang='lat' dir='ltr'><strong>l.</strong></span> <span class='ocrx_word' id='word_1_58' title='bbox 1309 1011 1501 1086; x_wconf 84' lang='lat' dir='ltr'><strong>Histor.19.</strong></span> <span class='ocrx_word' id='word_1_59' title='bbox 1514 1015 1653 1090; x_wconf 83' lang='lat' dir='ltr'><strong>parate</strong></span> 
     </span>
     <span class='ocr_line' id='line_1_7' title="bbox 257 1106 1651 1207; baseline -0.006 -26"><span class='ocrx_word' id='word_1_60' title='bbox 257 1106 353 1184; x_wconf 77' lang='lat' dir='ltr'><strong>vobis</strong></span> <span class='ocrx_word' id='word_1_61' title='bbox 372 1119 523 1207; x_wconf 79' lang='lat' dir='ltr'><strong>Cethegi</strong></span> <span class='ocrx_word' id='word_1_62' title='bbox 542 1131 652 1204; x_wconf 84' lang='lat' dir='ltr'><strong>atque</strong></span> <span class='ocrx_word' id='word_1_63' title='bbox 673 1121 749 1186; x_wconf 85' lang='lat' dir='ltr'><strong>alia</strong></span> <span class='ocrx_word' id='word_1_64' title='bbox 755 1121 992 1203; x_wconf 85' lang='lat' dir='ltr'><strong>proditorum</strong></span> <span class='ocrx_word' id='word_1_65' title='bbox 1011 1115 1287 1204; x_wconf 82' lang='lat' dir='ltr'><strong>patrocinia.-</strong></span> <span class='ocrx_word' id='word_1_66' title='bbox 1306 1119 1352 1180; x_wconf 87' lang='lat' dir='ltr'><strong>P.</strong></span> <span class='ocrx_word' id='word_1_67' title='bbox 1370 1124 1406 1177; x_wconf 87' lang='lat' dir='ltr'><strong>et</strong></span> <span class='ocrx_word' id='word_1_68' title='bbox 1424 1109 1651 1177; x_wconf 80' lang='lat' dir='ltr'><strong>ServiusSul-</strong></span> 
     </span>
     <span class='ocr_line' id='line_1_8' title="bbox 254 1218 1651 1308; baseline -0.005 -24"><span class='ocrx_word' id='word_1_69' title='bbox 254 1224 322 1285; x_wconf 84' lang='lat' dir='ltr'><strong>lae.</strong></span> <span class='ocrx_word' id='word_1_70' title='bbox 343 1225 416 1286; x_wconf 82' lang='lat' dir='ltr'><strong>haeo</strong></span> <span class='ocrx_word' id='word_1_71' title='bbox 435 1224 538 1288; x_wconf 87' lang='lat' dir='ltr'><strong>lectio</strong></span> <span class='ocrx_word' id='word_1_72' title='bbox 558 1227 840 1308; x_wconf 87' lang='lat' dir='ltr'><strong>paucissimorum</strong></span> <span class='ocrx_word' id='word_1_73' title='bbox 862 1236 911 1290; x_wconf 85' lang='lat' dir='ltr'><strong>est</strong></span> <span class='ocrx_word' id='word_1_74' title='bbox 931 1227 1106 1288; x_wconf 90' lang='lat' dir='ltr'><strong>Codicum.</strong></span> <span class='ocrx_word' id='word_1_75' title='bbox 1137 1242 1213 1286; x_wconf 83' lang='lat' dir='ltr'><strong>eam</strong></span> <span class='ocrx_word' id='word_1_76' title='bbox 1233 1219 1436 1283; x_wconf 86' lang='lat' dir='ltr'><strong>confirmant</strong></span> <span class='ocrx_word' id='word_1_77' title='bbox 1455 1218 1545 1280; x_wconf 84' lang='lat' dir='ltr'><strong>Med.</strong></span> <span class='ocrx_word' id='word_1_78' title='bbox 1567 1234 1598 1292; x_wconf 80' lang='lat'><strong>9.</strong></span> <span class='ocrx_word' id='word_1_79' title='bbox 1611 1221 1651 1277; x_wconf 84' lang='lat' dir='ltr'><strong>et</strong></span> 
     </span>
     <span class='ocr_line' id='line_1_9' title="bbox 253 1317 1651 1409; baseline -0.006 -22"><span class='ocrx_word' id='word_1_80' title='bbox 253 1328 344 1399; x_wconf 81' lang='lat' dir='ltr'><strong>Flor,</strong></span> <span class='ocrx_word' id='word_1_81' title='bbox 368 1349 394 1390; x_wconf 86' lang='lat' dir='ltr'><strong>r.</strong></span> <span class='ocrx_word' id='word_1_82' title='bbox 416 1349 457 1392; x_wconf 86' lang='lat' dir='ltr'><strong>ex</strong></span> <span class='ocrx_word' id='word_1_83' title='bbox 477 1332 582 1391; x_wconf 88' lang='lat' dir='ltr'><strong>Codd.</strong></span> <span class='ocrx_word' id='word_1_84' title='bbox 605 1333 748 1409; x_wconf 78' lang='lat' dir='ltr'><strong>Italicis3</strong></span> <span class='ocrx_word' id='word_1_85' title='bbox 769 1333 908 1394; x_wconf 82' lang='lat' dir='ltr'><strong>fuerunt</strong></span> <span class='ocrx_word' id='word_1_86' title='bbox 928 1331 994 1392; x_wconf 84' lang='lat' dir='ltr'><strong>filii</strong></span> <span class='ocrx_word' id='word_1_87' title='bbox 1014 1329 1124 1392; x_wconf 83' lang='lat' dir='ltr'><strong>Servii</strong></span> <span class='ocrx_word' id='word_1_88' title='bbox 1138 1326 1290 1389; x_wconf 86' lang='lat' dir='ltr'><strong>Cornelii</strong></span> <span class='ocrx_word' id='word_1_89' title='bbox 1302 1325 1421 1403; x_wconf 79' lang='lat' dir='ltr'><strong>Sullae,</strong></span> <span class='ocrx_word' id='word_1_90' title='bbox 1440 1319 1554 1382; x_wconf 86' lang='lat' dir='ltr'><strong>fratris</strong></span> <span class='ocrx_word' id='word_1_91' title='bbox 1572 1317 1651 1380; x_wconf 85' lang='lat' dir='ltr'><strong>Sul-</strong></span> 
     </span>
     <span class='ocr_line' id='line_1_10' title="bbox 253 1425 1649 1517; baseline -0.006 -25"><span class='ocrx_word' id='word_1_92' title='bbox 253 1429 296 1494; x_wconf 82' lang='lat' dir='ltr'><strong>1ae</strong></span> <span class='ocrx_word' id='word_1_93' title='bbox 317 1432 510 1496; x_wconf 82' lang='lat' dir='ltr'><strong>Dictatoris.</strong></span> <span class='ocrx_word' id='word_1_94' title='bbox 531 1432 591 1496; x_wconf 82' lang='lat' dir='ltr'><strong>cfr.</strong></span> <span class='ocrx_word' id='word_1_95' title='bbox 611 1436 680 1497; x_wconf 91' lang='lat' dir='ltr'><strong>Dio</strong></span> <span class='ocrx_word' id='word_1_96' title='bbox 700 1438 787 1497; x_wconf 87' lang='lat' dir='ltr'><strong>Cass.</strong></span> <span class='ocrx_word' id='word_1_97' title='bbox 809 1437 869 1517; x_wconf 71' lang='lat'><strong>36⁴,</strong></span> <span class='ocrx_word' id='word_1_98' title='bbox 892 1447 940 1512; x_wconf 71' lang='lat'><strong>27.</strong></span> <span class='ocrx_word' id='word_1_99' title='bbox 963 1435 998 1495; x_wconf 90' lang='lat' dir='ltr'><strong>P.</strong></span> <span class='ocrx_word' id='word_1_100' title='bbox 1019 1432 1111 1494; x_wconf 86' lang='lat' dir='ltr'><strong>Sulla</strong></span> <span class='ocrx_word' id='word_1_101' title='bbox 1131 1452 1209 1493; x_wconf 88' lang='lat' dir='ltr'><strong>oum</strong></span> <span class='ocrx_word' id='word_1_102' title='bbox 1229 1451 1249 1492; x_wconf 81' lang='lat' dir='ltr'><strong>a</strong></span> <span class='ocrx_word' id='word_1_103' title='bbox 1269 1429 1374 1492; x_wconf 94' lang='lat' dir='ltr'><strong>Lucio</strong></span> <span class='ocrx_word' id='word_1_104' title='bbox 1404 1429 1577 1506; x_wconf 83' lang='lat' dir='ltr'><strong>Torquato</strong></span> <span class='ocrx_word' id='word_1_105' title='bbox 1605 1425 1649 1484; x_wconf 88' lang='lat' dir='ltr'><strong>de</strong></span> 
     </span>
     <span class='ocr_line' id='line_1_11' title="bbox 252 1528 1650 1623; baseline -0.006 -25"><span class='ocrx_word' id='word_1_106' title='bbox 252 1536 489 1614; x_wconf 87' lang='lat' dir='ltr'><strong>conjuratione</strong></span> <span class='ocrx_word' id='word_1_107' title='bbox 510 1548 680 1602; x_wconf 87' lang='lat' dir='ltr'><strong>accusatus</strong></span> <span class='ocrx_word' id='word_1_108' title='bbox 702 1549 814 1623; x_wconf 86' lang='lat' dir='ltr'><strong>esset,</strong></span> <span class='ocrx_word' id='word_1_109' title='bbox 842 1560 863 1600; x_wconf 83' lang='lat' dir='ltr'><strong>a</strong></span> <span class='ocrx_word' id='word_1_110' title='bbox 883 1540 1046 1602; x_wconf 76' lang='lat' dir='ltr'><strong>Cicerone</strong></span> <span class='ocrx_word' id='word_1_111' title='bbox 1069 1538 1227 1601; x_wconf 84' lang='lat' dir='ltr'><strong>defensus</strong></span> <span class='ocrx_word' id='word_1_112' title='bbox 1256 1544 1289 1598; x_wconf 88' lang='lat' dir='ltr'><strong>et</strong></span> <span class='ocrx_word' id='word_1_113' title='bbox 1309 1533 1484 1596; x_wconf 86' lang='lat' dir='ltr'><strong>absolutus</strong></span> <span class='ocrx_word' id='word_1_114' title='bbox 1509 1537 1569 1594; x_wconf 82' lang='lat' dir='ltr'><strong>est.</strong></span> <span class='ocrx_word' id='word_1_115' title='bbox 1608 1528 1650 1587; x_wconf 84' lang='lat' dir='ltr'><strong>In</strong></span> 
     </span>
     <span class='ocr_line' id='line_1_12' title="bbox 253 1632 1650 1724; baseline -0.008 -22"><span class='ocrx_word' id='word_1_116' title='bbox 253 1641 561 1724; x_wconf 85' lang='lat' dir='ltr'><strong>proscriptionibus</strong></span> <span class='ocrx_word' id='word_1_117' title='bbox 581 1643 756 1707; x_wconf 81' lang='lat' dir='ltr'><strong>dictatoris</strong></span> <span class='ocrx_word' id='word_1_118' title='bbox 777 1643 978 1708; x_wconf 73' lang='lat' dir='ltr'><strong>administer</strong></span> <span class='ocrx_word' id='word_1_119' title='bbox 994 1643 1114 1705; x_wconf 84' lang='lat' dir='ltr'><strong>fuerat.</strong></span> <span class='ocrx_word' id='word_1_120' title='bbox 1144 1640 1203 1704; x_wconf 82' lang='lat' dir='ltr'><strong>cfr.</strong></span> <span class='ocrx_word' id='word_1_121' title='bbox 1225 1643 1284 1723; x_wconf 88' lang='lat' dir='ltr'><strong>Ep.</strong></span> <span class='ocrx_word' id='word_1_122' title='bbox 1305 1641 1348 1700; x_wconf 89' lang='lat' dir='ltr'><strong>ad</strong></span> <span class='ocrx_word' id='word_1_123' title='bbox 1370 1639 1410 1719; x_wconf 82' lang='lat' dir='ltr'><strong>Q.</strong></span> <span class='ocrx_word' id='word_1_124' title='bbox 1430 1637 1482 1697; x_wconf 85' lang='lat' dir='ltr'><strong>Fr.</strong></span> <span class='ocrx_word' id='word_1_125' title='bbox 1503 1638 1532 1696; x_wconf 81' lang='lat'><strong>3.</strong></span> <span class='ocrx_word' id='word_1_126' title='bbox 1554 1636 1583 1694; x_wconf 80' lang='lat'><strong>³.</strong></span> <span class='ocrx_word' id='word_1_127' title='bbox 1604 1632 1650 1692; x_wconf 86' lang='lat' dir='ltr'><strong>ad</strong></span> 
     </span>
     <span class='ocr_line' id='line_1_13' title="bbox 250 1735 1649 1832; baseline -0.005 -27"><span class='ocrx_word' id='word_1_128' title='bbox 250 1746 317 1811; x_wconf 79' lang='lat' dir='ltr'><strong>Au.</strong></span> <span class='ocrx_word' id='word_1_129' title='bbox 337 1761 366 1820; x_wconf 72' lang='lat' dir='ltr'><strong>t.</strong></span> <span class='ocrx_word' id='word_1_130' title='bbox 384 1750 431 1819; x_wconf 76' lang='lat'><strong>16,</strong></span> <span class='ocrx_word' id='word_1_131' title='bbox 452 1750 497 1810; x_wconf 87' lang='lat' dir='ltr'><strong>dc</strong></span> <span class='ocrx_word' id='word_1_132' title='bbox 516 1749 589 1826; x_wconf 74' lang='lat' dir='ltr'><strong>ejus</strong></span> <span class='ocrx_word' id='word_1_133' title='bbox 610 1760 730 1816; x_wconf 89' lang='lat' dir='ltr'><strong>morte.</strong></span> <span class='ocrx_word' id='word_1_134' title='bbox 751 1751 811 1832; x_wconf 83' lang='lat' dir='ltr'><strong>Ep.</strong></span> <span class='ocrx_word' id='word_1_135' title='bbox 831 1752 875 1810; x_wconf 86' lang='lat' dir='ltr'><strong>ad</strong></span> <span class='ocrx_word' id='word_1_136' title='bbox 896 1748 974 1810; x_wconf 82' lang='lat' dir='ltr'><strong>Div.</strong></span> <span class='ocrx_word' id='word_1_137' title='bbox 994 1769 1022 1827; x_wconf 85' lang='lat'><strong>9.</strong></span> <span class='ocrx_word' id='word_1_138' title='bbox 1043 1768 1088 1809; x_wconf 85' lang='lat' dir='ltr'><strong>rc.</strong></span> <span class='ocrx_word' id='word_1_139' title='bbox 1102 1755 1137 1808; x_wconf 89' lang='lat' dir='ltr'><strong>et</strong></span> <span class='ocrx_word' id='word_1_140' title='bbox 1154 1748 1200 1806; x_wconf 79' lang='lat'><strong>15.</strong></span> <span class='ocrx_word' id='word_1_141' title='bbox 1220 1765 1266 1822; x_wconf 85' lang='lat'><strong>¹7·</strong></span> <span class='ocrx_word' id='word_1_142' title='bbox 1287 1738 1530 1804; x_wconf 80' lang='lat' dir='ltr'><strong>SeruiusSulla</strong></span> <span class='ocrx_word' id='word_1_143' title='bbox 1544 1735 1649 1800; x_wconf 84' lang='lat' dir='ltr'><strong>etiam</strong></span> 
     </span>
     <span class='ocr_line' id='line_1_14' title="bbox 250 1840 1649 1933; baseline -0.006 -25"><span class='ocrx_word' id='word_1_144' title='bbox 250 1846 343 1910; x_wconf 78' lang='lat' dir='ltr'><strong>infra</strong></span> <span class='ocrx_word' id='word_1_145' title='bbox 363 1869 434 1933; x_wconf 85' lang='lat' dir='ltr'><strong>cap.</strong></span> <span class='ocrx_word' id='word_1_146' title='bbox 450 1866 499 1932; x_wconf 71' lang='lat'><strong>47.</strong></span> <span class='ocrx_word' id='word_1_147' title='bbox 522 1853 768 1930; x_wconf 74' lang='lat' dir='ltr'><strong>conjurationis</strong></span> <span class='ocrx_word' id='word_1_148' title='bbox 790 1852 903 1914; x_wconf 85' lang='lat' dir='ltr'><strong>socius</strong></span> <span class='ocrx_word' id='word_1_149' title='bbox 921 1851 1024 1913; x_wconf 86' lang='lat' dir='ltr'><strong>fuisse</strong></span> <span class='ocrx_word' id='word_1_150' title='bbox 1046 1849 1182 1912; x_wconf 89' lang='lat' dir='ltr'><strong>dicitur.</strong></span> <span class='ocrx_word' id='word_1_151' title='bbox 1215 1851 1258 1910; x_wconf 90' lang='lat' dir='ltr'><strong>de</strong></span> <span class='ocrx_word' id='word_1_152' title='bbox 1271 1845 1425 1930; x_wconf 88' lang='lat' dir='ltr'><strong>Sulpicio</strong></span> <span class='ocrx_word' id='word_1_153' title='bbox 1444 1861 1516 1905; x_wconf 84' lang='lat' dir='ltr'><strong>non</strong></span> <span class='ocrx_word' id='word_1_154' title='bbox 1528 1840 1649 1921; x_wconf 86' lang='lat' dir='ltr'><strong>liquet,</strong></span> 
     </span>
     <span class='ocr_line' id='line_1_15' title="bbox 250 1932 1449 2040; baseline -0.003 -24"><span class='ocrx_word' id='word_1_155' title='bbox 250 1954 313 2016; x_wconf 75' lang='lat' dir='ltr'><strong>sed</strong></span> <span class='ocrx_word' id='word_1_156' title='bbox 333 1971 403 2016; x_wconf 87' lang='lat' dir='ltr'><strong>non</strong></span> <span class='ocrx_word' id='word_1_157' title='bbox 423 1955 571 2019; x_wconf 89' lang='lat' dir='ltr'><strong>omnino</strong></span> <span class='ocrx_word' id='word_1_158' title='bbox 588 1957 689 2040; x_wconf 83' lang='lat' dir='ltr'><strong>culpe</strong></span> <span class='ocrx_word' id='word_1_159' title='bbox 713 1975 858 2019; x_wconf 71' lang='lat' dir='ltr'><strong>vacuum</strong></span> <span class='ocrx_word' id='word_1_160' title='bbox 879 1955 997 2040; x_wconf 83' lang='lat' dir='ltr'><strong>fuisse,</strong></span> <span class='ocrx_word' id='word_1_161' title='bbox 1016 1955 1087 2033; x_wconf 81' lang='lat' dir='ltr'><strong>jam</strong></span> <span class='ocrx_word' id='word_1_162' title='bbox 1109 1932 1148 2018; x_wconf 79' lang='lat' dir='ltr'><strong>ex</strong></span> <span class='ocrx_word' id='word_1_163' title='bbox 1166 1956 1230 2016; x_wconf 89' lang='lat' dir='ltr'><strong>hoc</strong></span> <span class='ocrx_word' id='word_1_164' title='bbox 1250 1954 1327 2014; x_wconf 86' lang='lat' dir='ltr'><strong>loco</strong></span> <span class='ocrx_word' id='word_1_165' title='bbox 1345 1959 1449 2034; x_wconf 87' lang='lat' dir='ltr'><strong>patet.</strong></span> 
     </span>
    </p>

    <p class='ocr_par' dir='ltr' id='par_1_3' title="bbox 245 2039 1649 4330">
     <span class='ocr_line' id='line_1_16' title="bbox 309 2052 1648 2150; baseline -0.009 -28"><span class='ocrx_word' id='word_1_166' title='bbox 309 2057 354 2122; x_wconf 82' lang='lat' dir='ltr'><strong>L·</strong></span> <span class='ocrx_word' id='word_1_167' title='bbox 377 2059 417 2124; x_wconf 88' lang='lat' dir='ltr'><em>V</em></span> <span class='ocrx_word' id='word_1_168' title='bbox 411 2059 643 2150; x_wconf 76' lang='lat' dir='ltr'><strong>arguntejus,</strong></span> <span class='ocrx_word' id='word_1_169' title='bbox 664 2061 770 2123; x_wconf 88' lang='lat' dir='ltr'><strong>homo</strong></span> <span class='ocrx_word' id='word_1_170' title='bbox 790 2061 1052 2141; x_wconf 81' lang='lat' dir='ltr'><strong>audacissimus,</strong></span> <span class='ocrx_word' id='word_1_171' title='bbox 1073 2059 1134 2138; x_wconf 89' lang='lat' dir='ltr'><strong>qui</strong></span> <span class='ocrx_word' id='word_1_172' title='bbox 1149 2059 1346 2119; x_wconf 86' lang='lat' dir='ltr'><strong>Ciceronem</strong></span> <span class='ocrx_word' id='word_1_173' title='bbox 1362 2052 1458 2116; x_wconf 85' lang='lat' dir='ltr'><strong>domi</strong></span> <span class='ocrx_word' id='word_1_174' title='bbox 1479 2069 1547 2114; x_wconf 72' lang='lat' dir='ltr'><strong>suar</strong></span> <span class='ocrx_word' id='word_1_175' title='bbox 1563 2067 1648 2112; x_wconf 87' lang='lat' dir='ltr'><strong>con·</strong></span> 
     </span>
     <span class='ocr_line' id='line_1_17' title="bbox 250 2155 1649 2247; baseline -0.002 -29"><span class='ocrx_word' id='word_1_176' title='bbox 250 2157 453 2224; x_wconf 81' lang='lat' dir='ltr'><strong>fodiendum</strong></span> <span class='ocrx_word' id='word_1_177' title='bbox 474 2171 693 2246; x_wconf 78' lang='lat' dir='ltr'><strong>susceperat,</strong></span> <span class='ocrx_word' id='word_1_178' title='bbox 725 2163 784 2230; x_wconf 82' lang='lat' dir='ltr'><strong>cfr.</strong></span> <span class='ocrx_word' id='word_1_179' title='bbox 806 2163 897 2224; x_wconf 85' lang='lat' dir='ltr'><strong>infra</strong></span> <span class='ocrx_word' id='word_1_180' title='bbox 916 2183 988 2247; x_wconf 90' lang='lat' dir='ltr'><strong>cap.</strong></span> <span class='ocrx_word' id='word_1_181' title='bbox 1003 2165 1053 2223; x_wconf 64' lang='grc' dir='ltr'><strong>πθ.</strong></span> <span class='ocrx_word' id='word_1_182' title='bbox 1091 2161 1150 2226; x_wconf 84' lang='lat' dir='ltr'><strong>cfr.</strong></span> <span class='ocrx_word' id='word_1_183' title='bbox 1172 2161 1239 2221; x_wconf 87' lang='lat' dir='ltr'><strong>Cic.</strong></span> <span class='ocrx_word' id='word_1_184' title='bbox 1262 2158 1320 2220; x_wconf 91' lang='lat' dir='ltr'><strong>Or.</strong></span> <span class='ocrx_word' id='word_1_185' title='bbox 1340 2157 1378 2218; x_wconf 91' lang='lat' dir='ltr'><strong>in</strong></span> <span class='ocrx_word' id='word_1_186' title='bbox 1399 2157 1468 2218; x_wconf 88' lang='lat' dir='ltr'><strong>Cat.</strong></span> <span class='ocrx_word' id='word_1_187' title='bbox 1493 2175 1520 2214; x_wconf 85' lang='lat' dir='ltr'><strong>r.</strong></span> <span class='ocrx_word' id='word_1_188' title='bbox 1543 2169 1572 2226; x_wconf 73' lang='grc'><strong>4.</strong></span> <span class='ocrx_word' id='word_1_189' title='bbox 1602 2155 1649 2216; x_wconf 89' lang='lat' dir='ltr'><strong>de</strong></span> 
     </span>
     <span class='ocr_line' id='line_1_18' title="bbox 250 2257 1649 2348; baseline -0.001 -27"><span class='ocrx_word' id='word_1_190' title='bbox 250 2263 383 2324; x_wconf 83' lang='lat' dir='ltr'><strong>ambitu</strong></span> <span class='ocrx_word' id='word_1_191' title='bbox 405 2284 499 2347; x_wconf 88' lang='lat' dir='ltr'><strong>reus,</strong></span> <span class='ocrx_word' id='word_1_192' title='bbox 532 2266 577 2326; x_wconf 84' lang='lat' dir='ltr'><strong>ab</strong></span> <span class='ocrx_word' id='word_1_193' title='bbox 597 2267 782 2329; x_wconf 87' lang='lat' dir='ltr'><strong>Hortensio</strong></span> <span class='ocrx_word' id='word_1_194' title='bbox 803 2265 961 2328; x_wconf 80' lang='lat' dir='ltr'><strong>defensus</strong></span> <span class='ocrx_word' id='word_1_195' title='bbox 987 2264 1108 2327; x_wconf 80' lang='lat' dir='ltr'><strong>iuerat.</strong></span> <span class='ocrx_word' id='word_1_196' title='bbox 1147 2267 1188 2326; x_wconf 87' lang='lat' dir='ltr'><strong>In</strong></span> <span class='ocrx_word' id='word_1_197' title='bbox 1208 2261 1383 2348; x_wconf 88' lang='lat' dir='ltr'><strong>superiore</strong></span> <span class='ocrx_word' id='word_1_198' title='bbox 1410 2257 1649 2338; x_wconf 83' lang='lat' dir='ltr'><strong>conjuratione</strong></span> 
     </span>
     <span class='ocr_line' id='line_1_19' title="bbox 249 2363 1647 2454; baseline -0.003 -26"><span class='ocrx_word' id='word_1_199' title='bbox 249 2382 327 2428; x_wconf 86' lang='lat' dir='ltr'><strong>eum</strong></span> <span class='ocrx_word' id='word_1_200' title='bbox 350 2366 471 2451; x_wconf 80' lang='lat' dir='ltr'><strong>inisse,</strong></span> <span class='ocrx_word' id='word_1_201' title='bbox 492 2367 608 2430; x_wconf 87' lang='lat' dir='ltr'><strong>innuit</strong></span> <span class='ocrx_word' id='word_1_202' title='bbox 628 2370 696 2432; x_wconf 87' lang='lat' dir='ltr'><strong>Cio.</strong></span> <span class='ocrx_word' id='word_1_203' title='bbox 718 2389 781 2452; x_wconf 91' lang='lat' dir='ltr'><strong>pro</strong></span> <span class='ocrx_word' id='word_1_204' title='bbox 801 2372 899 2433; x_wconf 84' lang='lat' dir='ltr'><strong>Sulla</strong></span> <span class='ocrx_word' id='word_1_205' title='bbox 920 2389 992 2454; x_wconf 88' lang='lat' dir='ltr'><strong>cap.</strong></span> <span class='ocrx_word' id='word_1_206' title='bbox 1012 2385 1061 2445; x_wconf 73' lang='lat'><strong>24.</strong></span> <span class='ocrx_word' id='word_1_207' title='bbox 1097 2369 1140 2450; x_wconf 72' lang='lat' dir='ltr'><strong>Q.</strong></span> <span class='ocrx_word' id='word_1_208' title='bbox 1160 2363 1321 2434; x_wconf 80' lang='lat' dir='ltr'><strong>Annius.</strong></span> <span class='ocrx_word' id='word_1_209' title='bbox 1358 2367 1436 2444; x_wconf 81' lang='lat' dir='ltr'><strong>Ejus</strong></span> <span class='ocrx_word' id='word_1_210' title='bbox 1462 2363 1551 2427; x_wconf 82' lang='lat' dir='ltr'><strong>alibi</strong></span> <span class='ocrx_word' id='word_1_211' title='bbox 1574 2379 1647 2424; x_wconf 90' lang='lat' dir='ltr'><strong>non</strong></span> 
     </span>
     <span class='ocr_line' id='line_1_20' title="bbox 248 2466 1647 2558; baseline -0.004 -26"><span class='ocrx_word' id='word_1_212' title='bbox 248 2472 379 2534; x_wconf 83' lang='lat' dir='ltr'><strong>mentio</strong></span> <span class='ocrx_word' id='word_1_213' title='bbox 403 2471 461 2556; x_wconf 85' lang='lat' dir='ltr'><strong>iit,</strong></span> <span class='ocrx_word' id='word_1_214' title='bbox 482 2472 548 2535; x_wconf 88' lang='lat' dir='ltr'><strong>nisi</strong></span> <span class='ocrx_word' id='word_1_215' title='bbox 570 2477 664 2554; x_wconf 91' lang='lat' dir='ltr'><strong>quod</strong></span> <span class='ocrx_word' id='word_1_216' title='bbox 684 2475 802 2558; x_wconf 78' lang='lat' dir='ltr'><strong>Quint.</strong></span> <span class='ocrx_word' id='word_1_217' title='bbox 824 2476 931 2539; x_wconf 87' lang='lat' dir='ltr'><strong>Cicer.</strong></span> <span class='ocrx_word' id='word_1_218' title='bbox 952 2477 995 2537; x_wconf 91' lang='lat' dir='ltr'><strong>de</strong></span> <span class='ocrx_word' id='word_1_219' title='bbox 1015 2473 1114 2539; x_wconf 88' lang='lat' dir='ltr'><strong>Petit.</strong></span> <span class='ocrx_word' id='word_1_220' title='bbox 1137 2473 1309 2536; x_wconf 82' lang='lat' dir='ltr'><strong>consulat.</strong></span> <span class='ocrx_word' id='word_1_221' title='bbox 1339 2475 1369 2534; x_wconf 82' lang='lat'><strong>3.</strong></span> <span class='ocrx_word' id='word_1_222' title='bbox 1389 2470 1461 2547; x_wconf 90' lang='lat' dir='ltr'><strong>ejus</strong></span> <span class='ocrx_word' id='word_1_223' title='bbox 1481 2466 1647 2546; x_wconf 86' lang='lat' dir='ltr'><strong>Curiique</strong></span> 
     </span>
     <span class='ocr_line' id='line_1_21' title="bbox 248 2571 1647 2660; baseline 0 -26"><span class='ocrx_word' id='word_1_224' title='bbox 248 2576 438 2655; x_wconf 85' lang='lat' dir='ltr'><strong>nequitiam</strong></span> <span class='ocrx_word' id='word_1_225' title='bbox 447 2576 616 2660; x_wconf 84' lang='lat' dir='ltr'><strong>significat</strong></span> <span class='ocrx_word' id='word_1_226' title='bbox 626 2589 728 2658; x_wconf 88' lang='lat' dir='ltr'><strong>atque</strong></span> <span class='ocrx_word' id='word_1_227' title='bbox 741 2580 900 2642; x_wconf 85' lang='lat' dir='ltr'><strong>declarat.</strong></span> <span class='ocrx_word' id='word_1_228' title='bbox 909 2581 962 2642; x_wconf 86' lang='lat' dir='ltr'><strong>M.</strong></span> <span class='ocrx_word' id='word_1_229' title='bbox 973 2574 1132 2642; x_wconf 82' lang='lat' dir='ltr'><strong>Porcius</strong></span> <span class='ocrx_word' id='word_1_230' title='bbox 1147 2579 1280 2642; x_wconf 84' lang='lat' dir='ltr'><strong>Laeca.</strong></span> <span class='ocrx_word' id='word_1_231' title='bbox 1300 2575 1395 2637; x_wconf 87' lang='lat' dir='ltr'><strong>itain</strong></span> <span class='ocrx_word' id='word_1_232' title='bbox 1405 2571 1647 2654; x_wconf 85' lang='lat' dir='ltr'><strong>antiquissimo</strong></span> 
     </span>
     <span class='ocr_line' id='line_1_22' title="bbox 247 2677 1647 2767; baseline -0.002 -28"><span class='ocrx_word' id='word_1_233' title='bbox 247 2677 420 2742; x_wconf 86' lang='lat' dir='ltr'><strong>Ciceronis</strong></span> <span class='ocrx_word' id='word_1_234' title='bbox 439 2681 565 2743; x_wconf 87' lang='lat' dir='ltr'><strong>Codice</strong></span> <span class='ocrx_word' id='word_1_235' title='bbox 586 2682 767 2745; x_wconf 83' lang='lat' dir='ltr'><strong>Graeviano</strong></span> <span class='ocrx_word' id='word_1_236' title='bbox 798 2682 899 2765; x_wconf 83' lang='lat' dir='ltr'><strong>(nam</strong></span> <span class='ocrx_word' id='word_1_237' title='bbox 928 2699 1015 2762; x_wconf 87' lang='lat' dir='ltr'><strong>quos</strong></span> <span class='ocrx_word' id='word_1_238' title='bbox 1034 2683 1184 2767; x_wconf 79' lang='lat' dir='ltr'><strong>Longius</strong></span> <span class='ocrx_word' id='word_1_239' title='bbox 1211 2683 1327 2765; x_wconf 86' lang='lat' dir='ltr'><strong>plures</strong></span> <span class='ocrx_word' id='word_1_240' title='bbox 1356 2681 1461 2743; x_wconf 82' lang='lat' dir='ltr'><strong>Codd.</strong></span> <span class='ocrx_word' id='word_1_241' title='bbox 1490 2677 1647 2742; x_wconf 88' lang='lat' dir='ltr'><strong>nominat</strong></span> 
     </span>
     <span class='ocr_line' id='line_1_23' title="bbox 247 2782 1645 2869; baseline 0 -26"><span class='ocrx_word' id='word_1_242' title='bbox 247 2782 337 2844; x_wconf 88' lang='lat' dir='ltr'><strong>nulli</strong></span> <span class='ocrx_word' id='word_1_243' title='bbox 358 2784 464 2867; x_wconf 90' lang='lat' dir='ltr'><strong>sunt)</strong></span> <span class='ocrx_word' id='word_1_244' title='bbox 484 2793 517 2847; x_wconf 89' lang='lat' dir='ltr'><strong>et</strong></span> <span class='ocrx_word' id='word_1_245' title='bbox 538 2785 575 2847; x_wconf 93' lang='lat' dir='ltr'><strong>in</strong></span> <span class='ocrx_word' id='word_1_246' title='bbox 597 2787 752 2848; x_wconf 87' lang='lat' dir='ltr'><strong>denariis·</strong></span> <span class='ocrx_word' id='word_1_247' title='bbox 775 2787 957 2869; x_wconf 79' lang='lat' dir='ltr'><strong>scriptum3</strong></span> <span class='ocrx_word' id='word_1_248' title='bbox 980 2786 1143 2848; x_wconf 89' lang='lat' dir='ltr'><strong>nonnulli</strong></span> <span class='ocrx_word' id='word_1_249' title='bbox 1164 2787 1270 2846; x_wconf 89' lang='lat' dir='ltr'><strong>Codd.</strong></span> <span class='ocrx_word' id='word_1_250' title='bbox 1291 2786 1389 2848; x_wconf 87' lang='lat' dir='ltr'><strong>Leca</strong></span> <span class='ocrx_word' id='word_1_251' title='bbox 1413 2803 1516 2862; x_wconf 85' lang='lat' dir='ltr'><strong>quam</strong></span> <span class='ocrx_word' id='word_1_252' title='bbox 1536 2783 1645 2863; x_wconf 90' lang='lat' dir='ltr'><strong>scrip·</strong></span> 
     </span>
     <span class='ocr_line' id='line_1_24' title="bbox 247 2884 1644 2971; baseline 0 -23"><span class='ocrx_word' id='word_1_253' title='bbox 247 2894 357 2948; x_wconf 84' lang='lat' dir='ltr'><strong>turam</strong></span> <span class='ocrx_word' id='word_1_254' title='bbox 385 2885 549 2970; x_wconf 76' lang='lat' dir='ltr'><strong>praeiero,</strong></span> <span class='ocrx_word' id='word_1_255' title='bbox 571 2899 687 2950; x_wconf 86' lang='lat' dir='ltr'><strong>contra</strong></span> <span class='ocrx_word' id='word_1_256' title='bbox 718 2889 949 2971; x_wconf 90' lang='lat' dir='ltr'><strong>plurimorum</strong></span> <span class='ocrx_word' id='word_1_257' title='bbox 978 2892 1085 2952; x_wconf 88' lang='lat' dir='ltr'><strong>Codd.</strong></span> <span class='ocrx_word' id='word_1_258' title='bbox 1113 2889 1371 2969; x_wconf 83' lang='lat' dir='ltr'><strong>auctoritatem,</strong></span> <span class='ocrx_word' id='word_1_259' title='bbox 1406 2889 1500 2968; x_wconf 91' lang='lat' dir='ltr'><strong>quod</strong></span> <span class='ocrx_word' id='word_1_260' title='bbox 1520 2884 1644 2948; x_wconf 80' lang='lat' dir='ltr'><strong>veteris</strong></span> 
     </span>
     <span class='ocr_line' id='line_1_25' title="bbox 246 2988 1644 3073; baseline -0.002 -22"><span class='ocrx_word' id='word_1_261' title='bbox 246 2990 420 3072; x_wconf 73' lang='lat' dir='ltr'><strong>scripturae</strong></span> <span class='ocrx_word' id='word_1_262' title='bbox 464 2991 593 3052; x_wconf 87' lang='lat' dir='ltr'><strong>rationi</strong></span> <span class='ocrx_word' id='word_1_263' title='bbox 634 2991 743 3073; x_wconf 85' lang='lat' dir='ltr'><strong>magis</strong></span> <span class='ocrx_word' id='word_1_264' title='bbox 770 3003 998 3055; x_wconf 83' lang='lat' dir='ltr'><strong>consentanea</strong></span> <span class='ocrx_word' id='word_1_265' title='bbox 1036 3011 1108 3055; x_wconf 88' lang='lat' dir='ltr'><strong>esse</strong></span> <span class='ocrx_word' id='word_1_266' title='bbox 1141 2991 1289 3052; x_wconf 78' lang='lat' dir='ltr'><strong>ridetur.</strong></span> <span class='ocrx_word' id='word_1_267' title='bbox 1346 2991 1472 3050; x_wconf 86' lang='lat' dir='ltr'><strong>Eadem</strong></span> <span class='ocrx_word' id='word_1_268' title='bbox 1498 2988 1644 3049; x_wconf 83' lang='lat' dir='ltr'><strong>varietas</strong></span> 
     </span>
     <span class='ocr_line' id='line_1_26' title="bbox 248 3089 1642 3176; baseline 0.002 -21"><span class='ocrx_word' id='word_1_269' title='bbox 248 3094 493 3176; x_wconf 70' lang='lat' dir='ltr'><strong>scriptumest</strong></span> <span class='ocrx_word' id='word_1_270' title='bbox 521 3094 561 3154; x_wconf 88' lang='lat' dir='ltr'><strong>iu</strong></span> <span class='ocrx_word' id='word_1_271' title='bbox 593 3097 756 3175; x_wconf 83' lang='lat' dir='ltr'><strong>Broten,</strong></span> <span class='ocrx_word' id='word_1_272' title='bbox 780 3092 995 3173; x_wconf 80' lang='lat' dir='ltr'><strong>Palatium,</strong></span> <span class='ocrx_word' id='word_1_273' title='bbox 1028 3090 1192 3173; x_wconf 82' lang='lat' dir='ltr'><strong>Atilius,</strong></span> <span class='ocrx_word' id='word_1_274' title='bbox 1232 3089 1432 3173; x_wconf 81' lang='lat' dir='ltr'><strong>Aquilius,</strong></span> <span class='ocrx_word' id='word_1_275' title='bbox 1460 3093 1642 3158; x_wconf 77' lang='lat' dir='ltr'><strong>Messala.</strong></span> 
     </span>
     <span class='ocr_line' id='line_1_27' title="bbox 246 3195 1642 3282; baseline 0 -24"><span class='ocrx_word' id='word_1_276' title='bbox 246 3217 321 3277; x_wconf 77' lang='lat' dir='ltr'><strong>quar</strong></span> <span class='ocrx_word' id='word_1_277' title='bbox 340 3200 444 3260; x_wconf 91' lang='lat' dir='ltr'><strong>modo</strong></span> <span class='ocrx_word' id='word_1_278' title='bbox 467 3215 572 3258; x_wconf 88' lang='lat' dir='ltr'><strong>unam</strong></span> <span class='ocrx_word' id='word_1_279' title='bbox 593 3197 781 3279; x_wconf 82' lang='lat' dir='ltr'><strong>liquidam,</strong></span> <span class='ocrx_word' id='word_1_280' title='bbox 803 3200 907 3260; x_wconf 86' lang='lat' dir='ltr'><strong>modo</strong></span> <span class='ocrx_word' id='word_1_281' title='bbox 930 3197 1137 3282; x_wconf 84' lang='lat' dir='ltr'><strong>geminatam</strong></span> <span class='ocrx_word' id='word_1_282' title='bbox 1158 3197 1295 3264; x_wconf 83' lang='lat' dir='ltr'><strong>habent.</strong></span> <span class='ocrx_word' id='word_1_283' title='bbox 1318 3198 1361 3258; x_wconf 86' lang='lat' dir='ltr'><strong>do</strong></span> <span class='ocrx_word' id='word_1_284' title='bbox 1382 3200 1468 3264; x_wconf 89' lang='lat' dir='ltr'><strong>Leca</strong></span> <span class='ocrx_word' id='word_1_285' title='bbox 1488 3195 1547 3258; x_wconf 86' lang='lat' dir='ltr'><strong>cfr.</strong></span> <span class='ocrx_word' id='word_1_286' title='bbox 1563 3195 1642 3258; x_wconf 85' lang='lat' dir='ltr'><strong>.Gic.</strong></span> 
     </span>
     <span class='ocr_line' id='line_1_28' title="bbox 246 3299 1646 3384; baseline 0.001 -22"><span class='ocrx_word' id='word_1_287' title='bbox 246 3303 305 3364; x_wconf 86' lang='lat' dir='ltr'><strong>Or.</strong></span> <span class='ocrx_word' id='word_1_288' title='bbox 327 3302 364 3362; x_wconf 88' lang='lat' dir='ltr'><strong>in</strong></span> <span class='ocrx_word' id='word_1_289' title='bbox 386 3304 456 3363; x_wconf 88' lang='lat' dir='ltr'><strong>Cat.</strong></span> <span class='ocrx_word' id='word_1_290' title='bbox 469 3317 536 3375; x_wconf 64' lang='lat' dir='ltr'><strong>ut.</strong></span> <span class='ocrx_word' id='word_1_291' title='bbox 556 3303 595 3367; x_wconf 86' lang='lat' dir='ltr'><strong>L.</strong></span> <span class='ocrx_word' id='word_1_292' title='bbox 617 3300 751 3363; x_wconf 82' lang='lat' dir='ltr'><strong>Bestia.</strong></span> <span class='ocrx_word' id='word_1_293' title='bbox 772 3321 792 3364; x_wconf 89' lang='lat' dir='ltr'><strong>e</strong></span> <span class='ocrx_word' id='word_1_294' title='bbox 812 3312 912 3384; x_wconf 85' lang='lat' dir='ltr'><strong>gente</strong></span> <span class='ocrx_word' id='word_1_295' title='bbox 933 3301 1119 3384; x_wconf 82' lang='lat' dir='ltr'><strong>Calpurnia</strong></span> <span class='ocrx_word' id='word_1_296' title='bbox 1139 3311 1233 3364; x_wconf 86' lang='lat' dir='ltr'><strong>ortus</strong></span> <span class='ocrx_word' id='word_1_297' title='bbox 1254 3308 1287 3364; x_wconf 86' lang='lat' dir='ltr'><strong>et</strong></span> <span class='ocrx_word' id='word_1_298' title='bbox 1307 3320 1348 3364; x_wconf 87' lang='lat' dir='ltr'><strong>eo</strong></span> <span class='ocrx_word' id='word_1_299' title='bbox 1371 3320 1463 3362; x_wconf 88' lang='lat' dir='ltr'><strong>anno</strong></span> <span class='ocrx_word' id='word_1_300' title='bbox 1485 3299 1646 3363; x_wconf 79' lang='lat' dir='ltr'><strong>tribunus</strong></span> 
     </span>
     <span class='ocr_line' id='line_1_29' title="bbox 249 3405 1646 3489; baseline 0.001 -23"><span class='ocrx_word' id='word_1_301' title='bbox 249 3406 371 3489; x_wconf 87' lang='lat' dir='ltr'><strong>plebis.</strong></span> <span class='ocrx_word' id='word_1_302' title='bbox 393 3405 464 3468; x_wconf 66' lang='lat' dir='ltr'><strong>cir.</strong></span> <span class='ocrx_word' id='word_1_303' title='bbox 474 3406 530 3466; x_wconf 87' lang='lat' dir='ltr'><strong>inf</strong></span> <span class='ocrx_word' id='word_1_304' title='bbox 546 3426 584 3467; x_wconf 89' lang='lat' dir='ltr'><strong>c..</strong></span> <span class='ocrx_word' id='word_1_305' title='bbox 600 3407 653 3478; x_wconf 72' lang='grc'><strong>43.</strong></span> <span class='ocrx_word' id='word_1_306' title='bbox 669 3406 840 3467; x_wconf 83' lang='lat' dir='ltr'><strong>Senatorii</strong></span> <span class='ocrx_word' id='word_1_307' title='bbox 854 3405 987 3467; x_wconf 87' lang='lat' dir='ltr'><strong>ordinis</strong></span> <span class='ocrx_word' id='word_1_308' title='bbox 1001 3425 1079 3467; x_wconf 88' lang='lat' dir='ltr'><strong>cum</strong></span> <span class='ocrx_word' id='word_1_309' title='bbox 1095 3405 1261 3468; x_wconf 88' lang='lat' dir='ltr'><strong>Salustius</strong></span> <span class='ocrx_word' id='word_1_310' title='bbox 1275 3405 1377 3487; x_wconf 86' lang='lat' dir='ltr'><strong>dicit,</strong></span> <span class='ocrx_word' id='word_1_311' title='bbox 1397 3425 1467 3468; x_wconf 91' lang='lat' dir='ltr'><strong>non</strong></span> <span class='ocrx_word' id='word_1_312' title='bbox 1484 3425 1535 3487; x_wconf 90' lang='lat' dir='ltr'><strong>eo,</strong></span> <span class='ocrx_word' id='word_1_313' title='bbox 1548 3408 1646 3485; x_wconf 86' lang='lat' dir='ltr'><strong>quod</strong></span> 
     </span>
     <span class='ocr_line' id='line_1_30' title="bbox 248 3509 1644 3593; baseline 0.001 -23"><span class='ocrx_word' id='word_1_314' title='bbox 248 3510 395 3572; x_wconf 91' lang='lat' dir='ltr'><strong>tribunis</strong></span> <span class='ocrx_word' id='word_1_315' title='bbox 414 3510 526 3593; x_wconf 88' lang='lat' dir='ltr'><strong>plebis</strong></span> <span class='ocrx_word' id='word_1_316' title='bbox 547 3509 678 3574; x_wconf 84' lang='lat' dir='ltr'><strong>curiam</strong></span> <span class='ocrx_word' id='word_1_317' title='bbox 700 3509 832 3572; x_wconf 85' lang='lat' dir='ltr'><strong>intrare</strong></span> <span class='ocrx_word' id='word_1_318' title='bbox 851 3518 884 3572; x_wconf 89' lang='lat' dir='ltr'><strong>et</strong></span> <span class='ocrx_word' id='word_1_319' title='bbox 905 3519 1060 3572; x_wconf 87' lang='lat' dir='ltr'><strong>senatum</strong></span> <span class='ocrx_word' id='word_1_320' title='bbox 1080 3510 1207 3573; x_wconf 84' lang='lat' dir='ltr'><strong>habere</strong></span> <span class='ocrx_word' id='word_1_321' title='bbox 1228 3509 1345 3592; x_wconf 84' lang='lat' dir='ltr'><strong>licuit,</strong></span> <span class='ocrx_word' id='word_1_322' title='bbox 1372 3511 1429 3572; x_wconf 81' lang='lat' dir='ltr'><strong>scd</strong></span> <span class='ocrx_word' id='word_1_323' title='bbox 1450 3514 1545 3590; x_wconf 82' lang='lat' dir='ltr'><strong>quod</strong></span> <span class='ocrx_word' id='word_1_324' title='bbox 1563 3511 1644 3572; x_wconf 82' lang='lat' dir='ltr'><strong>Sui-</strong></span> 
     </span>
     <span class='ocr_line' id='line_1_31' title="bbox 246 3613 1644 3699; baseline 0 -25"><span class='ocrx_word' id='word_1_325' title='bbox 246 3613 336 3676; x_wconf 82' lang='lat' dir='ltr'><strong>ianis</strong></span> <span class='ocrx_word' id='word_1_326' title='bbox 354 3615 489 3699; x_wconf 81' lang='lat' dir='ltr'><strong>iegibus</strong></span> <span class='ocrx_word' id='word_1_327' title='bbox 508 3616 679 3678; x_wconf 81' lang='lat' dir='ltr'><strong>sancitum·</strong></span> <span class='ocrx_word' id='word_1_328' title='bbox 698 3622 768 3698; x_wconf 89' lang='lat' dir='ltr'><strong>est,</strong></span> <span class='ocrx_word' id='word_1_329' title='bbox 792 3616 932 3697; x_wconf 86' lang='lat' dir='ltr'><strong>nequis</strong></span> <span class='ocrx_word' id='word_1_330' title='bbox 951 3615 1020 3678; x_wconf 88' lang='lat' dir='ltr'><strong>nisi</strong></span> <span class='ocrx_word' id='word_1_331' title='bbox 1040 3615 1213 3677; x_wconf 83' lang='lat' dir='ltr'><strong>senatorio</strong></span> <span class='ocrx_word' id='word_1_332' title='bbox 1239 3615 1316 3677; x_wconf 86' lang='lat' dir='ltr'><strong>loeo</strong></span> <span class='ocrx_word' id='word_1_333' title='bbox 1339 3623 1438 3675; x_wconf 88' lang='lat' dir='ltr'><strong>natus</strong></span> <span class='ocrx_word' id='word_1_334' title='bbox 1467 3634 1502 3676; x_wconf 88' lang='lat' dir='ltr'><strong>se</strong></span> <span class='ocrx_word' id='word_1_335' title='bbox 1524 3613 1644 3676; x_wconf 88' lang='lat' dir='ltr'><strong>candi-</strong></span> 
     </span>
     <span class='ocr_line' id='line_1_32' title="bbox 247 3711 1641 3806; baseline 0.004 -28"><span class='ocrx_word' id='word_1_336' title='bbox 247 3719 364 3779; x_wconf 81' lang='lat' dir='ltr'><strong>datum</strong></span> <span class='ocrx_word' id='word_1_337' title='bbox 385 3720 581 3782; x_wconf 88' lang='lat' dir='ltr'><strong>tribunatus</strong></span> <span class='ocrx_word' id='word_1_338' title='bbox 598 3719 815 3802; x_wconf 87' lang='lat' dir='ltr'><strong>profiteretur</strong></span> <span class='ocrx_word' id='word_1_339' title='bbox 837 3719 989 3801; x_wconf 73' lang='lat' dir='ltr'><strong>ofndpp.</strong></span> <span class='ocrx_word' id='word_1_340' title='bbox 1015 3721 1058 3780; x_wconf 89' lang='lat' dir='ltr'><strong>de</strong></span> <span class='ocrx_word' id='word_1_341' title='bbox 1078 3720 1173 3780; x_wconf 90' lang='lat' dir='ltr'><strong>Bello</strong></span> <span class='ocrx_word' id='word_1_342' title='bbox 1190 3717 1284 3778; x_wconf 83' lang='lat' dir='ltr'><strong>civili</strong></span> <span class='ocrx_word' id='word_1_343' title='bbox 1304 3721 1327 3780; x_wconf 90' lang='grc' dir='ltr'><strong>Ι.</strong></span> <span class='ocrx_word' id='word_1_344' title='bbox 1344 3737 1410 3778; x_wconf 82' lang='lat' dir='ltr'><strong>roo.</strong></span> <span class='ocrx_word' id='word_1_345' title='bbox 1431 3715 1483 3784; x_wconf 73' lang='lat' dir='ltr'><strong>eei</strong></span> <span class='ocrx_word' id='word_1_346' title='bbox 1504 3717 1554 3786; x_wconf 82' lang='grc' dir='ltr'><strong>ουίι</strong></span> <span class='ocrx_word' id='word_1_347' title='bbox 1577 3711 1641 3806; x_wconf 68' lang='grc' dir='ltr'><strong>ἔχω</strong></span> 
     </span>
     <span class='ocr_line' id='line_1_33' title="bbox 245 3816 1642 3906; baseline 0.001 -15"><span class='ocrx_word' id='word_1_348' title='bbox 245 3827 458 3906; x_wconf 54' lang='lat' dir='ltr'><strong>micuerit,</strong></span> <span class='ocrx_word' id='word_1_349' title='bbox 479 3822 636 3897; x_wconf 61' lang='grc' dir='ltr'><strong>οὶΣῦὶλας</strong></span> <span class='ocrx_word' id='word_1_350' title='bbox 650 3817 753 3895; x_wconf 65' lang='grc' dir='ltr'><strong>αυἼὺ,</strong></span> <span class='ocrx_word' id='word_1_351' title='bbox 773 3818 864 3889; x_wconf 64' lang='lat' dir='ltr'><strong>zadi</strong></span> <span class='ocrx_word' id='word_1_352' title='bbox 886 3825 937 3890; x_wconf 73' lang='lat' dir='ltr'><strong>tiit</strong></span> <span class='ocrx_word' id='word_1_353' title='bbox 954 3821 1047 3895; x_wconf 64' lang='lat' dir='ltr'><strong>irin,</strong></span> <span class='ocrx_word' id='word_1_354' title='bbox 1070 3825 1113 3890; x_wconf 77' lang='lat' dir='ltr'><strong>cio·</strong></span> <span class='ocrx_word' id='word_1_355' title='bbox 1127 3817 1176 3894; x_wconf 68' lang='lat' dir='ltr'><strong>&#39;itit</strong></span> <span class='ocrx_word' id='word_1_356' title='bbox 1195 3816 1306 3901; x_wconf 62' lang='grc' dir='ltr'><strong><em>βουλὴ</em></strong></span> <span class='ocrx_word' id='word_1_357' title='bbox 1317 3820 1437 3890; x_wconf 71' lang='grc' dir='ltr'><em>ἆπδΊοῢ</em></span> <span class='ocrx_word' id='word_1_358' title='bbox 1448 3817 1543 3902; x_wconf 68' lang='lat' dir='ltr'><strong>tineo</strong></span> <span class='ocrx_word' id='word_1_359' title='bbox 1557 3820 1642 3906; x_wconf 61' lang='lat' dir='ltr'><strong>priti-</strong></span> 
     </span>
     <span class='ocr_line' id='line_1_34' title="bbox 253 3920 1643 4024; baseline 0.001 -36"><span class='ocrx_word' id='word_1_360' title='bbox 253 3955 360 4012; x_wconf 60' lang='grc' dir='ltr'><strong>νυμον.</strong></span> <span class='ocrx_word' id='word_1_361' title='bbox 381 3929 450 3990; x_wconf 81' lang='lat' dir='ltr'><strong>scii.</strong></span> <span class='ocrx_word' id='word_1_362' title='bbox 460 3923 510 4000; x_wconf 66' lang='lat' dir='ltr'><strong>‘isis</strong></span> <span class='ocrx_word' id='word_1_363' title='bbox 521 3932 584 3996; x_wconf 65' lang='grc' dir='ltr'><strong>τοῖν</strong></span> <span class='ocrx_word' id='word_1_364' title='bbox 599 3920 881 4024; x_wconf 59' lang='grc' dir='ltr'><strong>ὣημὶςχυνέςχιῗν</strong></span> <span class='ocrx_word' id='word_1_365' title='bbox 902 3925 1062 3989; x_wconf 77' lang='lat' dir='ltr'><strong>cinsuet.</strong></span> <span class='ocrx_word' id='word_1_366' title='bbox 1076 3927 1224 3993; x_wconf 90' lang='lat' dir='ltr'><strong>Vit.Oct.</strong></span> <span class='ocrx_word' id='word_1_367' title='bbox 1237 3945 1284 3996; x_wconf 82' lang='lat' dir='ltr'><strong>ro,</strong></span> <span class='ocrx_word' id='word_1_368' title='bbox 1305 3965 1322 3999; x_wconf 50' lang='lat'><strong>⁸</strong></span> <span class='ocrx_word' id='word_1_369' title='bbox 1334 3924 1495 3987; x_wconf 90' lang='lat' dir='ltr'><strong>inlocum</strong></span> <span class='ocrx_word' id='word_1_370' title='bbox 1508 3926 1643 3990; x_wconf 85' lang='lat' dir='ltr'><strong>tribuni</strong></span> 
     </span>
     <span class='ocr_line' id='line_1_35' title="bbox 247 4029 1641 4114; baseline 0.001 -24"><span class='ocrx_word' id='word_1_371' title='bbox 247 4029 357 4111; x_wconf 88' lang='lat' dir='ltr'><strong>plebis</strong></span> <span class='ocrx_word' id='word_1_372' title='bbox 372 4031 458 4095; x_wconf 79' lang='lat' dir='ltr'><strong>torte</strong></span> <span class='ocrx_word' id='word_1_373' title='bbox 477 4031 647 4094; x_wconf 89' lang='lat' dir='ltr'><strong>demortui</strong></span> <span class='ocrx_word' id='word_1_374' title='bbox 660 4033 841 4092; x_wconf 79' lang='lat' dir='ltr'><strong>candetum</strong></span> <span class='ocrx_word' id='word_1_375' title='bbox 853 4049 888 4091; x_wconf 86' lang='lat' dir='ltr'><strong>se</strong></span> <span class='ocrx_word' id='word_1_376' title='bbox 901 4029 1066 4106; x_wconf 80' lang='lat' dir='ltr'><strong>ostendit3</strong></span> <span class='ocrx_word' id='word_1_377' title='bbox 1088 4047 1294 4111; x_wconf 83' lang='lat' dir='ltr'><strong>quamquem</strong></span> <span class='ocrx_word' id='word_1_378' title='bbox 1307 4029 1481 4114; x_wconf 85' lang='lat' dir='ltr'><strong>patricius,</strong></span> <span class='ocrx_word' id='word_1_379' title='bbox 1493 4035 1641 4094; x_wconf 87' lang='lat' dir='ltr'><strong>necdum·</strong></span> 
     </span>
     <span class='ocr_line' id='line_1_36' title="bbox 246 4133 1642 4214; baseline 0.002 -20"><span class='ocrx_word' id='word_1_380' title='bbox 246 4133 412 4195; x_wconf 64' lang='lat' dir='ltr'><strong>senator-P</strong></span> <span class='ocrx_word' id='word_1_381' title='bbox 423 4141 454 4196; x_wconf 91' lang='lat' dir='ltr'><strong>et</strong></span> <span class='ocrx_word' id='word_1_382' title='bbox 468 4155 495 4195; x_wconf 92' lang='lat' dir='ltr'><strong>c.</strong></span> <span class='ocrx_word' id='word_1_383' title='bbox 505 4151 555 4209; x_wconf 67' lang='lat' dir='ltr'><strong>to.</strong></span> <span class='ocrx_word' id='word_1_384' title='bbox 574 4134 752 4208; x_wconf 71' lang='lat' dir='ltr'><strong>..comitiis</strong></span> <span class='ocrx_word' id='word_1_385' title='bbox 767 4134 962 4196; x_wconf 90' lang='lat' dir='ltr'><strong>tribuniciis</strong></span> <span class='ocrx_word' id='word_1_386' title='bbox 970 4155 982 4195; x_wconf 73' lang='grc' dir='ltr'><strong>ε·</strong></span> <span class='ocrx_word' id='word_1_387' title='bbox 998 4135 1028 4196; x_wconf 88' lang='lat' dir='ltr'><strong>si</strong></span> <span class='ocrx_word' id='word_1_388' title='bbox 1043 4137 1196 4198; x_wconf 86' lang='lat' dir='ltr'><strong>deessent</strong></span> <span class='ocrx_word' id='word_1_389' title='bbox 1211 4133 1384 4198; x_wconf 86' lang='lat' dir='ltr'><strong>candidati</strong></span> <span class='ocrx_word' id='word_1_390' title='bbox 1395 4144 1582 4214; x_wconf 84' lang='lat' dir='ltr'><strong>senatores,</strong></span> <span class='ocrx_word' id='word_1_391' title='bbox 1598 4154 1642 4197; x_wconf 79' lang='lat' dir='ltr'><strong>ex</strong></span> 
     </span>
     <span class='ocr_line' id='line_1_37' title="bbox 249 4235 1643 4330; baseline 0 -32"><span class='ocrx_word' id='word_1_392' title='bbox 249 4235 422 4318; x_wconf 84' lang='lat' dir='ltr'><strong>equitibus</strong></span> <span class='ocrx_word' id='word_1_393' title='bbox 431 4239 596 4304; x_wconf 82' lang='lat' dir='ltr'><strong>Romanis</strong></span> <span class='ocrx_word' id='word_1_394' title='bbox 611 4239 765 4306; x_wconf 84' lang='lat' dir='ltr'><strong>creavit.&#39;’</strong></span> <span class='ocrx_word' id='word_1_395' title='bbox 786 4240 930 4302; x_wconf 88' lang='lat' dir='ltr'><strong>Bestiam</strong></span> <span class='ocrx_word' id='word_1_396' title='bbox 938 4239 1084 4322; x_wconf 84' lang='lat' dir='ltr'><strong>Ruperti</strong></span> <span class='ocrx_word' id='word_1_397' title='bbox 1102 4239 1214 4304; x_wconf 90' lang='lat' dir='ltr'><strong>filium</strong></span> <span class='ocrx_word' id='word_1_398' title='bbox 1237 4240 1387 4302; x_wconf 88' lang='lat' dir='ltr'><strong>consulis</strong></span> <span class='ocrx_word' id='word_1_399' title='bbox 1408 4238 1511 4302; x_wconf 84' lang='lat' dir='ltr'><strong>fuisse</strong></span> <span class='ocrx_word' id='word_1_400' title='bbox 1532 4247 1643 4330; x_wconf 80' lang='lat' dir='ltr'><strong>putat,</strong></span> 
     </span>
    </p>
   </div>
   <div class='ocr_carea' id='block_1_3' title="bbox 0 0 2062 4970">
    <p class='ocr_par' dir='ltr' id='par_1_4' title="bbox 0 0 2062 4970">
     <span class='ocr_line' id='line_1_38' title="bbox 0 0 2062 4970; baseline 0 6"><span class='ocrx_word' id='word_1_401' title='bbox 0 0 2062 4970; x_wconf 95' lang='lat' dir='ltr'><strong> </strong></span> 
     </span>
    </p>
   </div>
  </div>
 </body>
</html>
