4116 4970
1658 429 1684 503 9

276 603 409 665 etatem
429 599 466 664 in
481 601 651 666 honarum
672 597 798 664 artium
818 605 852 666 et
866 599 1038 686 imprimis
1057 597 1210 666 historiae
1233 595 1349 663 studio
1380 596 1604 663 consumsisse
1628 601 1682 664 vi-

236 686 241 694 ¹
277 708 386 770 detur.
428 709 530 788 Cujus
550 708 691 790 quidem
710 708 775 771 otii
797 706 927 772 fructus
944 711 1111 772 hahemus
1129 706 1332 788 Catilinam,
1352 703 1485 766 bellum
1503 704 1683 789 Iugurthi-

276 831 359 873 num
382 821 415 876 et
438 814 659 877 historiarum
674 834 783 898 pauca
802 836 878 897 quae
898 824 1031 880 aetatem
1054 815 1206 906 tulerunt
1224 811 1427 896 fragmenta.
1447 810 1548 873 Diem
1565 831 1685 896 supre-

275 936 371 980 mum
397 919 485 981 obiit
508 920 739 1000 quadriennio
758 929 838 983 ante
852 920 1028 982 Actiacum
1046 911 1187 982 bellum
1201 915 1267 998 26.)

359 1023 518 1086 Ceterum
542 1045 613 1086 non
632 1043 760 1106 paucos
783 1023 859 1088 lore
879 1023 1102 1107 crediderim,
1123 1021 1183 1103 qui
1204 1040 1260 1084 me
1279 1018 1578 1084 inconsiderantiae
1599 1020 1685 1086 insi-

275 1127 427 1211 mulent,
448 1130 542 1209 quod
566 1147 641 1208 quae
671 1136 730 1190 aut
760 1129 922 1214 maligni,
953 1139 1011 1191 aut
1032 1149 1153 1212 parum
1183 1125 1266 1188 certi
1288 1133 1442 1188 auctores
1473 1127 1516 1188 de
1540 1126 1684 1191 Salustii

276 1232 430 1295 moribus
452 1232 628 1296 memoriae
650 1233 903 1317 mandaverint,
926 1242 1089 1315 tanquam
1109 1230 1294 1294 luculentis
1320 1228 1525 1292 testimoniis
1549 1229 1684 1293 firmata

274 1336 459 1421 posuerim.
496 1335 616 1398 Multis
642 1336 736 1399 enim
763 1345 801 1400 ut
826 1338 1023 1422 Macrobii,
1053 1335 1223 1400 Lactantii
1246 1345 1279 1398 et
1302 1334 1524 1418 Symmachi,
1549 1334 1599 1396 ita
1622 1336 1684 1398 de·

276 1440 470 1504 clamatoris
488 1449 521 1503 et
542 1440 807 1503 scholiastarum
825 1440 1010 1506 auctoritas
1031 1442 1129 1505 nulla
1154 1459 1226 1505 esse
1252 1440 1404 1521 videtur,
1425 1438 1555 1522 quippc
1579 1457 1682 1522 quos,

279 1547 322 1608 ah
331 1545 470 1608 Salustii
484 1555 581 1609 aetate
595 1544 734 1628 longius
750 1555 918 1630 remotos,
939 1546 1313 1632 malignorumfahulas
1328 1554 1430 1626 atque
1445 1543 1571 1606 lamam
1591 1563 1685 1608 secu-

276 1661 328 1715 tas
349 1671 421 1716 esse
449 1657 611 1713 statuunt.
646 1650 815 1714 Omnium
837 1649 945 1738 igitur
968 1654 1276 1736 contumeliarum,
1303 1649 1430 1732 quihus
1457 1647 1605 1713 Salustii·
1621 1668 1686 1714 no-

276 1775 356 1819 men
382 1757 568 1820 laceratum
593 1755 658 1838 sit,
677 1765 852 1820 auctorem
866 1777 939 1824 csse
962 1760 1088 1822 docent
1107 1741 1309 1843 Pompejum
1332 1757 1510 1837 Lenaeum,
1531 1753 1686 1839 Pompeji

275 1861 393 1944 magni
411 1861 584 1923 libertum.
607 1857 673 1943 27.)
694 1863 726 1923 Is
748 1863 842 1924 enim
865 1871 961 1928 tanto
980 1883 1098 1929 amore
1116 1862 1257 1948 patroni
1278 1860 1481 1924 memoriam
1500 1877 1687 1942 proseque-

275 1963 392 2050 batur,
412 1973 450 2027 ut
470 1964 672 2048 Salustium,
704 1965 765 2048 qui
784 1965 886 2028 illum
908 1967 980 2032 oris
1000 1968 1119 2053 probi,
1140 1968 1258 2040 animo
1278 1965 1512 2028 inverecundo
1537 1983 1608 2026 esse
1634 1964 1687 2026 di-

275 2080 393 2154 xerat,
421 2069 641 2132 acerbissima
664 2069 769 2131 satira
795 2070 985 2154 laceraret,
1014 2077 1200 2135 lastaurum
1224 2082 1258 2136 et
1278 2073 1457 2133 lurconem
1485 2076 1519 2130 et
1541 2068 1688 2132 nebulo-

276 2191 355 2232 ncm
374 2174 656 2254 popinoncmque
678 2172 856 2254 appellans
873 2179 908 2232 et
926 2170 997 2232 vita
1018 2169 1222 2254 scriptisque
1244 2181 1498 2249 monstrosum
1524 2179 1687 2254 praeterea

275 2276 468 2358 priscorum
488 2275 695 2356 Catonisque
723 2276 908 2339 verborum
937 2272 1246 2337 ineruditissimum
1276 2273 1398 2337 furem.
1440 2274 1551 2352 Hujus
1576 2277 1687 2342 satirae

276 2379 462 2444 acerbitate
481 2379 609 2442 factum
631 2399 702 2444 esse
716 2387 856 2464 putant,
874 2385 914 2442 ut
928 2378 967 2442 in
989 2375 1166 2441 rhetorum
1182 2378 1309 2442 scholis
1329 2383 1372 2443 de
1390 2379 1530 2443 Salustii
1544 2380 1615 2444 vita
1629 2383 1687 2445 de-

278 2484 474 2550 clamarent.
503 2487 545 2548 Id
563 2487 658 2567 quod
680 2505 722 2551 eo
747 2485 965 2551 commodius
985 2483 1135 2560 iactum,
1164 2488 1259 2568 quod
1282 2486 1488 2552 blaterantes
1517 2505 1687 2571 gramma-

357 2771 422 2856 aa.)
447 2774 677 2839 CinDeclam.
694 2776 733 2839 in
750 2776 817 2840 Sal.
838 2796 868 2841 c.
879 2796 964 2858 7.-
983 2776 1053 2857 ai.)
1074 2773 1099 2840 l.
1115 2795 1144 2840 c.
1159 2779 1203 2839 de
1220 2771 1460 2857 quibusinira.
1473 2811 1515 2828 ·-
1529 2773 1687 2856 2⁵.)Hie-

277 2894 413 2959 ronym.
431 2880 628 2942 adv..lovin.
644 2883 669 2942 1.
687 2883 738 2956 48.
760 2880 916 2945 CinTac.
926 2884 1013 2945 Ann.
1028 2886 1058 2944 3.
1068 2885 1117 2944 30.
1138 2881 1296 2963 Crispum
1308 2879 1457 2960 equestri
1468 2889 1582 2942 ortum
1598 2881 1686 2944 loco.

278 2982 314 3043 C.
330 2981 497 3044 Salustius
511 3002 627 3047 rerum
643 2987 878 3048 Romanarum
900 2985 1161 3049 florentissimus
1188 2994 1307 3048 auctor
1324 2985 1452 3046 sororis
1474 2993 1631 3066 nepotem
1647 2985 1685 3047 in

278 3104 406 3148 nomen
420 3085 549 3148 ascivit.
562 3123 605 3137 —
616 3089 682 3167 26.)
697 3087 764 3151 Csr.
775 3090 895 3153 Euseh.
913 3089 1121 3150 Chronicon.
1141 3090 1206 3150 Int.
1219 3087 1352 3151 Hieron
1369 3088 1687 3152 MDCCCCLXXXI.

278 3197 311 3253 el
330 3190 445 3253 Graece
466 3211 475 3251 τ
495 3188 669 3266 Zaho'vrltoc
690 3189 836 3261 initam
850 3188 914 3291 argi
929 3193 1032 3291 igitur,
1054 3191 1136 3264 sitis
1156 3189 1270 3261 Mitis.
1311 3192 1418 3256 Lucio
1438 3192 1552 3255 Gellio
1568 3193 1688 3257 Pobll.

277 3296 354 3358 cola
368 3302 401 3360 et
418 3295 464 3360 M.
482 3295 622 3372 Coccejo
647 3301 757 3360 Nerva
779 3299 870 3360 Coss.
1267 3297 1270 3304 ’

292 3411 296 3425 ·
359 3399 428 3479 ²5.)
448 3402 598 3462 Lactant.
625 3400 736 3462 Instit.
755 3401 832 3464 Div.
852 3403 896 3464 11.
924 3417 973 3462 ια.
1001 3401 1102 3486 Quod
1132 3402 1274 3483 quidem
1294 3422 1365 3465 non
1392 3397 1482 3488 sugit
1510 3402 1689 3466 hominem

278 3519 426 3582 nequam
451 3503 653 3588 Salustium,
674 3503 735 3585 qui
754 3503 831 3566 ait:
855 3503 923 3566 Sed
953 3508 1070 3568 omnis
1086 3515 1217 3570 nostra
1236 3502 1285 3570 vis
1305 3502 1343 3569 in
1361 3504 1485 3572 animo
1507 3516 1541 3570 et
1560 3529 1689 3591 corpo-

278 3625 318 3667 re
330 3602 405 3668 sita
418 3616 481 3670 est.
500 3601 631 3672 Animi
646 3605 820 3692 imperio,
840 3605 1007 3691 corporis
1018 3606 1164 3674 servitio
1177 3608 1294 3700 magis
1308 3608 1459 3675 utimur.
1479 3615 1583 3676 Recte
1597 3613 1626 3675 si
1638 3613 1687 3675 ita

276 3707 433 3794 vixisset,
461 3720 499 3774 ut
521 3712 657 3776 locutus
675 3722 734 3782 est.
759 3713 906 3775 Servivit
930 3715 1024 3775 enim
1043 3713 1250 3777 foedissimis
1269 3718 1504 3800 voluptatibus
1524 3735 1688 3796 suamque

277 3810 351 3899 ipse
370 3815 573 3880 sententiam
594 3817 674 3881 vitae
695 3817 863 3900 pravitate
884 3817 1052 3880 dissolvit.
1075 3819 1225 3880 Macrob.
1245 3820 1379 3880 Saturn.
1398 3822 1442 3881 11.
1456 3841 1484 3899 9.
1506 3821 1612 3884 Haec
1629 3825 1690 3886 Sa·

278 3910 431 3998 iustius,
450 3905 691 4009 gravissimus
704 3918 846 3985 alienae
870 3919 1043 3985 luxuriae
1064 3919 1286 4014 objurgator
1310 3932 1503 3988 accensor.
1525 3964 1567 3978 -
1588 3927 1689 4008 Sym·

278 4025 389 4085 mach.
402 4025 461 4107 Ep.
479 4027 518 4091 V.
542 4025 591 4088 68.
620 4028 754 4092 Interea
776 4047 894 4090 recuso
917 4028 1138 4113 sententiam,
1159 4048 1235 4110 quar
1252 4045 1325 4092 rem
1342 4027 1533 4090 venaticam
1559 4028 1684 4092 servile

278 4125 363 4189 dicit
383 4125 544 4192 officium.
572 4131 734 4194 statuerit
749 4134 818 4196 hoc
842 4131 1004 4216 scriptor,
1029 4132 1109 4196 stilo
1135 4143 1266 4196 tantum
1282 4134 1498 4217 probandum
1519 4153 1598 4194 nam
1612 4151 1687 4194 mo-

277 4251 354 4296 rum
374 4233 447 4312 ejus
469 4235 593 4298 damna
613 4255 685 4300 non
705 4237 842 4322 sinunt,
861 4248 900 4302 ut
926 4239 968 4300 ah
991 4238 1056 4304 illo
1079 4241 1219 4324 agendae
1242 4239 1322 4304 vitae
1343 4247 1480 4323 petatur
1494 4235 1688 4301 auctoritas.

1175 4395 1197 4444 2
