4108 4976
357 405 431 482 ²7⁰

361 575 441 640 vide
461 568 554 636 inira
573 585 646 651 cap.
658 581 710 648 99.
731 560 804 640 iter
821 565 1108 629 castellanorum
1139 566 1337 651 angustum
1363 562 1576 647 admodum,
1595 560 1772 650 utrinque

355 674 578 766 praecisum.
598 670 692 754 Virg.
707 670 792 733 hen.
807 671 923 740 11933.
942 675 1056 734 acuta
1074 663 1168 733 silea·
1183 663 1362 752 praecinit
1382 665 1541 750 undique
1558 665 1672 734 sauia
1697 672 1770 752 jam

365 792 555 850 extremum
583 773 750 862 praerupti
778 775 906 840 montis
937 794 1008 840 non
1035 773 1167 838 radices
1186 772 1433 859 intellexerim,
1466 774 1569 858 (quid
1589 776 1685 842 enim
1703 780 1772 846 hoe

352 887 540 954 19919199
567 881 664 946 urhis
693 877 906 944 munitiones
933 878 1156 961 firmandasl)
1193 881 1254 943 sed
1281 878 1321 944 in
1341 876 1478 944 montis
1498 889 1661 948 extremo
1682 893 1776 954 reete
1834 949 1843 964 ,

368 992 568 1061 scholiastes
587 987 832 1072 iuterpretatur
850 983 890 1050 in
908 983 1084 1074 margine.
1103 982 1233 1048 scilicet
1246 984 1286 1049 in
1299 1003 1434 1050 summo
1445 986 1573 1050 montis
1583 990 1774 1075 cacumine,

371 1098 434 1183 qui
454 1116 526 1160 uon
546 1092 760 1158 acutissimus
781 1093 953 1176 putandus
973 1098 1038 1175 est,
1057 1092 1139 1154 urbs
1158 1098 1231 1157 erat
1249 1089 1377 1175 posita3
1398 1093 1488 1156 hane
1502 1111 1621 1158 murus
1630 1092 1777 1160 circum·

374 1201 488 1285 dedit,
506 1201 557 1264 119
581 1205 620 1262 91
640 1198 679 1262 19
698 1196 824 1260 summi
844 1195 972 1260 montis
990 1205 1087 1280 parte
1107 1203 1257 1262 extrema
1276 1195 1462 1262 edificatus
1482 1205 1593 1278 esset3,
1612 1199 1663 1263 ita
1682 1199 1777 1267 enim

373 1307 477 1393 plane
496 1324 569 1369 uon
588 1302 666 1368 fieri
684 1322 783 1386 posse
802 1302 999 1386 ridebatur,
1018 1307 1057 1364 ut
1077 1300 1205 1382 aliquis
1223 1321 1360 1366 murum
1380 1304 1588 1368 escenderet.
1605 1301 1700 1370 situs
1712 1325 1778 1391 pro
1800 1349 1810 1364 .

368 1408 517 1496 positus
537 1408 623 1472 dicit
641 1408 745 1472 etiam
764 1409 842 1470 Tae.
863 1408 951 1470 Anu.
965 1425 993 1470 9.
1011 1428 1041 1488 7.
1063 1412 1212 1470 veterem
1232 1425 1339 1470 aram
1358 1407 1484 1472 Druso
1499 1405 1611 1472 sitam
1630 1403 1780 1496 disjece-

376 1521 484 1583 rant..
498 1513 559 1578 alr.
581 1513 705 1578 Donat.
725 1514 770 1576 ad
788 1514 924 1577 Terent.
936 1511 1083 1596 Adelph.
1098 1515 1127 1576 3.
1142 1527 1172 1573 2.
1186 1515 1237 1578 33.
1250 1509 1375 1588 «silum
1388 1519 1454 1597 est,
1471 1513 1645 1595 quidquid
1656 1532 1718 1578 suo
1726 1515 1782 1581 lo·

378 1639 419 1686 99
438 1619 591 1704 positum
611 1599 683 1682 non
702 1616 896 1682 evertitur.“
918 1611 1134 1682 hiemalibus
1153 1613 1270 1700 aquis.
1299 1615 1349 1680 ita
1368 1631 1423 1701 ap.
1443 1617 1546 1686 Orid.
1566 1620 1646 1682 Met.
1663 1639 1693 1698 9.
1710 1621 1781 1684 20⁵.

377 1719 496 1789 nimbi
510 1718 692 1787 hiemales.
701 1722 803 1805 Apud
812 1721 880 1786 cic.
888 1724 973 1806 Epp.
988 1725 1018 1789 6.
1034 1740 1084 1784 ao.
1103 1715 1292 1810 navigatio
1313 1719 1490 1805 hiemalis,
1503 1722 1606 1786 etiam
1619 1719 1783 1787 treman-

379 1825 477 1892 tihur
503 1822 609 1910 aquis
637 1827 823 1890 Salustium
849 1825 976 1891 dixisse
1003 1827 1130 1892 Seneca
1147 1828 1209 1909 Ep.
1225 1839 1274 1906 94.
1295 1833 1414 1890 auctor
1433 1834 1494 1892 est.
1513 1827 1573 1890 sed
1581 1827 1648 1890 hoc
1661 1835 1784 1891 contra

378 1932 537 1999 omnium
547 1930 718 1994 librorum
731 1930 969 1994 auctoritatem
976 1951 1040 2013 pro
1054 1927 1269 1996 hiemalibus
1281 1949 1448 2015 reponere
1460 1937 1499 1996 91
1510 1930 1787 2017 audacissimum,

380 2039 430 2103 119
438 2035 731 2123 perversissimum
740 2029 938 2118 estplauit.
948 2031 1066 2101 limos.
1064 2029 1247 2122 secerati.
1255 2035 1496 2122 einplanitie,
1503 2035 1566 2100 uhi
1573 2035 1786 2119 aquahieme

381 2145 577 2231 stagnabat,
595 2142 694 2228 palus
715 2148 791 2206 orta
810 2147 893 2206 erat.
913 2135 1115 2206 simalandi
1129 2136 1260 2231 gratia
1280 2140 1304 2206 i.
1325 2160 1355 2207 e.
1366 2149 1406 2205 ut
1416 2141 1592 2206 simularet
1602 2140 1786 2206 consilium

381 2250 503 2335 oppidi
519 2247 755 2334 oppugnandi.
766 2241 1010 2335 formidinem
1026 2245 1184 2310 adderet.
1205 2246 1330 2330 sapius
1352 2245 1517 2331 occurrit,
1535 2245 1671 2310 animos
1683 2249 1788 2312 adde-

382 2375 430 2421 re.
451 2353 512 2418 cfr.
532 2357 623 2438 apud
641 2353 821 2429 119945.
841 2349 1014 2436 impeturn
1034 2350 1178 2417 addere.
1206 2359 1240 2416 et
1260 2366 1312 2428 44.
1325 2355 1355 2416 3.
1382 2347 1519 2416 nuncio
1532 2347 1729 2437 fiduciam.
1746 2389 1789 2408 -

384 2460 429 2526 oh
451 2461 644 2524 thesauros
663 2453 789 2542 oppidi
802 2451 987 2542 potiundi.
1015 2475 1061 2521 ne
1080 2475 1170 2520 unus
1190 2455 1333 2540 quidem
1353 2457 1439 2520 Cod.
1466 2455 1541 2518 1191.
1560 2456 1635 2521 hac
1649 2455 1790 2540 omittit,

385 2574 420 2631 et
439 2564 523 2626 fides
539 2563 672 2647 Wassii,
691 2566 765 2628 haee
784 2563 824 2626 in
844 2564 979 2627 duobus
998 2560 1099 2624 libris
1119 2561 1244 2625 omissa
1256 2573 1335 2627 ‘ease
1353 2560 1590 2642 asseverantis,
1610 2560 1700 2624 mihi
1712 2560 1792 2644 qui·

384 2671 465 2732 dem
486 2665 592 2730 dubia
612 2685 683 2730 esse
701 2667 847 2731 ridetur.
868 2665 1007 2730 Cortius
1026 2673 1151 2749 autem,
1171 2664 1233 2748 q'ui
1253 2667 1327 2732 hae
1339 2665 1461 2732 Latine
1481 2665 1551 2730 dici
1564 2685 1662 2749 posse
1678 2675 1792 2752 negat,

386 2773 494 2838 falsus
513 2779 573 2840 est.
600 2773 664 2835 Fac
685 2770 778 2836 enim
796 2773 981 2838 verborum
1001 2769 1152 2855 positum
1173 2789 1244 2836 esse
1264 2770 1461 2856 insolitum,
1482 2779 1595 2836 tamen
1605 2769 1689 2834 19119
1701 2770 1792 2834 mul·

362 2931 365 2938 .
387 2889 422 2944 19
441 2881 533 2964 apud
551 2878 617 2940 Sal.
638 2885 836 2956 occurrunt;
855 2897 932 2960 qua
953 2876 1071 2942 omnia
1090 2874 1121 2939 si
1142 2875 1290 2941 delenda
1309 2885 1407 2961 sunt,
1427 2877 1598 2942 editorum
1619 2876 1793 2956 conjectu-

386 2985 436 3050 ris
456 2983 547 3047 nihil
566 3003 638 3046 non
659 2984 917 3046 eoncedendum
938 2990 997 3050 est.
1018 2977 1167 3063 aliaque
1186 2976 1343 3065 incepto.
1364 2984 1456 3048 Med.
1475 2997 1506 3060 4.
1526 2984 1611 3049 Veu.
1628 2998 1657 3050 u.
1685 2989 1722 3046 et
1752 3003 1793 3046 a·

389 3089 459 3173 lia,
481 3111 575 3172 quae
593 3092 684 3153 Med.
696 3110 725 3169 9.
746 3083 825 3154 alia
847 3109 940 3171 quae
958 3089 1043 3154 Ven.
1056 3101 1084 3164 4.
1105 3088 1181 3153 Vnt.
1192 3100 1222 3163 4.
1244 3107 1289 3152 m.
1309 3107 1361 3172 pr.
1380 3095 1522 3172 propter
1540 3088 1630 3152 hauc
1647 3086 1795 3153 9991919-

249 3233 273 3246 .,
389 3205 458 3260 tem
480 3187 610 3278 que'ah
632 3195 701 3258 9119
721 3215 826 3256 manu
846 3193 1002 3256 additum
1023 3211 1095 3258 esse
1116 3199 1238 3255 statuo.

469 3301 546 3384 Cap.
566 3301 745 3366 XXXVIII.
765 3297 914 3366 subdole
935 3294 1014 3386 ejus
1033 3317 1169 3384 augere
1188 3302 1322 3371 ament.
1344 3298 1437 3362 Cort.
1458 3298 1634 3362 emendate
1661 3295 1796 3362 euhdo·

389 3408 456 3468 las.
478 3405 540 3486 qui
559 3425 663 3489 supra
683 3403 910 3488 adjectivum,
928 3419 993 3488 pro
1013 3401 1178 3467 adverbio
1191 3385 1363 3489 positum,
1381 3403 1645 3488 improbaverat,
1663 3401 1796 3466 hoclo-

391 3526 431 3584 co
461 3517 580 3571 eontra
607 3513 711 3572 codd.
733 3509 930 3573 testimonie
962 3507 1168 3586 adjectivum
1195 3528 1259 3591 pro
1280 3507 1443 3572 adverhio
1464 3507 1612 3594 reponit.
1631 3513 1724 3570 19919
1742 3504 1816 3594 in·‚

390 3611 581 3676 constantia
600 3611 686 3695 viri,
714 3611 774 3693 qui
795 3613 904 3676 multo
919 3615 998 3698 plus
1012 3611 1166 3696 ingenio,
1192 3631 1297 3694 quam
1315 3611 1488 3676 librorum
1508 3609 1714 3678 testimoniis
1732 3609 1798 3676 tri·

313 3753 316 3761 ·
389 3719 476 3782 huit.
499 3714 590 3811 ejus,
611 3718 706 3801 quod
725 3718 888 3782 nonnulli
907 3719 993 3784 libri
1013 3717 1196 3802 omittunt,
1224 3717 1334 3784 deleri
1354 3739 1427 3783 999
1442 3727 1570 3805 potest,
1596 3738 1674 3784 cum
1686 3714 1798 3780 maxi·
1862 3737 1871 3758 ⁸

392 3842 447 3896 me
467 3822 757 3907 insequentibus,
777 3819 1219 3909 musitare'suppticautes
1238 3827 1400 3912 legatos,
1419 3844 1612 3909 pronomen
1632 3821 1798 3888 omnam

393 3921 449 3987 sit.
472 3927 579 4005 quari
596 3922 823 3992 vitabundus.
844 3925 952 4009 quasi
971 3929 1107 3995 Gortius
1127 3937 1319 4012 suspectum
1338 3931 1459 4015 hahet,
1479 3935 1558 3994 cu'm
1580 3931 1649 3994 hoc
1670 3926 1798 3992 omisso

395 4026 506 4094 oratio
528 4041 773 4115 corrumpatur.
801 4029 857 4096 ita
885 4029 1019 4098 delicta
1040 4031 1247 4128 occultipra
1257 4027 1382 4120 suere.
1400 4081 1441 4096 ...
1447 4031 1541 4128 sore
1560 4036 1643 4101 Med
1653 4055 1680 4096 r.
1691 4049 1720 4094 a.
1728 4046 1758 4108 4.
1769 4051 1801 4113 7.

393 4138 494 4202 Barh.
513 4159 541 4201 ι.
560 4136 645 4202 Ven.
664 4157 692 4198 ι.
707 4151 736 4198 9.
747 4139 779 4199 3.
798 4136 952 4201 Vaticani
971 4158 1100 4204 omnes.
1123 4134 1180 4202 ita
1201 4132 1336 4206 delicta
1345 4131 1460 4227 suere
1479 4138 1690 4205 occultiora
1709 4136 1798 4200 Min.

394 4255 424 4303 9.
446 4239 501 4306 ita
522 4238 657 4308 delicta
677 4235 759 4306 auli
777 4238 985 4310 occultiora
1007 4251 1123 4312 eseeat
1143 4243 1234 4307 Med.
1249 4261 1279 4324 9.
1299 4243 1478 4312 manifesta
1497 4245 1627 4331 glossa,
1645 4244 1684 4310 id
1703 4242 1802 4326 quod
