4116 4970
408 392 456 469 70

409 559 471 642 qui
489 559 585 624 bello
603 557 814 646 iugurthino
833 561 998 628 exercitus
1018 563 1105 652 dux,
1134 577 1219 624 auro
1240 565 1433 647 corruptus,
1451 578 1571 646 paoem
1590 560 1805 647 ignominio-

408 681 481 730 sam
501 685 579 728 cum
598 666 769 750 Jugurttn
788 668 991 750 composuit.
1017 666 1077 732 ct'r.
1097 667 1255 752 iugurth.
1277 684 1348 750 cap.
1368 683 1417 746 ²7·
1448 669 1498 729 28.
1516 683 1578 746 29.
1593 664 1640 734 C.»
1655 661 1804 734 Curius.

408 775 453 838 de
473 790 515 834 eo
533 771 613 834 vide
633 769 724 833 infra
745 790 818 854 cap.
833 777 882 836 23.
902 776 997 854 quod
1016 773 1148 856 primus
1169 771 1423 848 conjuratorum
1444 769 1588 834 consilia
1613 772 1804 854 detexerat,

408 876 547 963 publice
567 873 709 959 praemia
727 876 761 940 ci
781 885 878 940 erant
898 877 1101 960 constituta,
1117 897 1197 958 ¹quae
1213 878 1456 957 reducentur,
1476 876 1586 938 Caesar
1600 867 1722 942 effecit.
1743 873 1804 940 etr.

407 981 545 1046 sueton.
565 980 715 1044 Vitlul.
732 1001 799 1063 cap,
820 1003 868 1062 ¹7·
888 983 943 1046 M.
961 977 1101 1046 Fulvius
1116 977 1290 1046 Nobilior
1309 980 1425 1044 nescio
1449 999 1493 1042 au
1514 979 1607 1062 idem
1628 977 1683 1061 sit,
1702 997 1804 1060 quem

408 1086 526 1150 Cicero
546 1087 607 1168 Ep.
628 1087 671 1146 ad
700 1084 800 1148 Attic.
823 1100 853 1160 4.
868 1088 916 1150 ι6.
942 1089 1207 1150 condemnatum
1230 1103 1301 1148 esse
1321 1084 1425 1162 dicit,
1457 1082 1565 1146 alium
1587 1101 1658 1148 esse
1673 1124 1684 1166 ,
1701 1101 1803 1165 quarn

408 1190 470 1272 qui
495 1187 587 1252 infra
614 1209 634 1252 a
662 1199 759 1272 patre
781 1197 917 1254 necatus
936 1190 1090 1274 dicitur‚,
1114 1211 1154 1254 ex
1173 1187 1386 1274 prenomine
1405 1185 1620 1272 perspicitur.
1661 1189 1704 1252 L.
1728 1193 1805 1254 Sla-

409 1290 522 1358 tilius.
552 1294 632 1357 vide
662 1293 757 1355 infra
785 1299 836 1370 43.
856 1297 907 1371 46.
937 1297 987 1371 46.
1016 1297 1066 1368 66.
1097 1297 1140 1360 Ρ.
1163 1289 1341 1358 Gabinius
1362 1285 1509 1373 Capito.
1527 1314 1560 1356 v.
1582 1291 1644 1357 Li.
1663 1291 1732 1354 Cic.
1745 1292 1804 1356 Or.

409 1399 481 1460 Cat.
497 1405 525 1462 3.
538 1403 569 1460 3.
588 1417 666 1459 eum
688 1396 844 1462 omnium
861 1399 1028 1463 scelerum
1042 1398 1336 1483 improbissimum
1358 1395 1628 1484 machinatorem
1649 1397 1743 1459 dicit.
1764 1395 1804 1466 C.

409 1497 604 1568 Cornelius
619 1501 699 1564 vide
719 1503 742 1564 l.
759 1503 781 1564 l.
802 1513 835 1567 et
855 1523 927 1588 cap.
947 1507 996 1567 28.
1020 1507 1063 1568 de
1082 1504 1203 1568 ceteris
1225 1501 1472 1580 conjurationis
1490 1502 1592 1564 sociis
1619 1500 1698 1564 vide
1726 1501 1804 1562 Mu·

409 1615 472 1672 ret.
493 1608 681 1670 comment.
703 1608 746 1668 ad
766 1605 834 1669 Cic.
851 1608 909 1670 Or.
930 1611 1001 1672 Cet.
1015 1611 1041 1684 Ι,
1064 1632 1089 1670 ι.
1131 1603 1338 1690 Municipia
1359 1607 1420 1670 cfr.
1435 1608 1537 1670 Roth.
1561 1609 1604 1670 de
1632 1625 1669 1670 re
1691 1604 1805 1668 muni·

409 1709 515 1794 cipali
533 1713 767 1774 Romanorum
790 1712 873 1776 libri
896 1715 975 1776 duo.
994 1715 1160 1797 stuttgart
1184 1713 1272 1774 1801.
1294 1720 1327 1774 et
1347 1715 1488 1776 Creuzer
1504 1711 1644 1794 Antiqq.
1660 1713 1803 1774 Roman.

411 1813 441 1898 ς.
464 1815 523 1878 noti
539 1825 573 1876 et
597 1831 666 1894 ²⁰9·
701 1824 735 1877 et
756 1818 799 1878 de
821 1817 968 1879 coloniis
995 1815 1023 1900 §.
1046 1833 1105 1878 aro
1131 1825 1164 1879 ct
1191 1836 1259 1880 nu.
1295 1818 1420 1882 Erant
1438 1824 1643 1898 praeterea.
1662 1816 1804 1880 verbum

408 1917 659 1984 substantivum
682 1917 873 1982 omiserunt
891 1922 965 1984 vu.
978 1923 1055 1984 3.et
1073 1923 1164 1982 Med.
1190 1942 1237 1982 η.
1257 1921 1365 1998 male3
1387 1937 1467 1982 nam
1486 1922 1530 1984 ab
1545 1920 1600 1983 his
1613 1919 1723 1984 verbis
1740 1939 1805 1982 no·

408 2041 451 2087 va
476 2023 646 2087 sententia
676 2021 810 2106 incipit.
832 2041 944 2104 neque
972 2022 1050 2104 quis
1075 2024 1245 2107 putaverit
1271 2023 1456 2086 Salustium
1475 2023 1610 2108 singula
1636 2021 1803 2091 orationis

408 2130 562 2193 membre
576 2128 624 2190 ita
636 2125 804 2212 jungere:
821 2135 1014 2210 praeterea
1034 2149 1079 2192 cx
1099 2125 1261 2210 equestri
1278 2165 1320 2182 -
1339 2130 1391 2192 nd
1407 2129 1477 2193 hoc
1496 2126 1606 2192 multi
1615 2135 1806 2210 —praete

408 2253 474 2296 rea
494 2234 706 2314 complures.
734 2232 800 2295 Sed
821 2232 905 2296 talia
926 2235 1097 2317 notanda,
1115 2242 1154 2296 ut
1170 2233 1279 2297 Cortii
1292 2253 1388 2298 error
1406 2232 1596 2316 refellatur,
1618 2232 1680 2313 qui
1699 2232 1805 2296 libra·

408 2335 480 2401 rios
502 2337 612 2399 multa
631 2336 773 2418 quidem
795 2335 988 2421 addidisse,
1018 2340 1078 2403 sed
1097 2337 1189 2400 nihil
1215 2338 1370 2402 omisisse
1397 2336 1523 2403 statuit.
1549 2338 1616 2400 Sed
1637 2331 1797 2419 offendit,

409 2445 540 2525 credo,
575 2441 734 2505 homines
772 2439 975 2524 insipientes
1018 2443 1163 2506 verbum
1202 2442 1305 2506 initio
1346 2441 1512 2506 orationis
1539 2439 1700 2524 positum.
1737 2461 1805 2506 no-

410 2542 506 2608 biles.
527 2547 776 2626 quodDahlius
795 2555 988 2628 suspectum
1008 2545 1147 2630 habuit,
1168 2547 1413 2623 necessarium
1433 2545 1600 2608 Salustius
1611 2545 1704 2609 enim
1719 2565 1804 2610 non-

408 2647 657 2731 nisiprincipes
667 2649 826 2714 factionis
836 2651 1248 2734 enumera13postponitur
1262 2647 1410 2734 nobiles,
1423 2653 1517 2732 quod
1528 2651 1671 2714 verbum
1679 2650 1796 2735 primo

407 2753 643 2838 locopositum
661 2753 786 2834 suerat3
806 2753 1141 2836 quamobremetiam
1154 2754 1261 2818 altera
1274 2755 1729 2838 praedicatiparssubjectum
1740 2775 1805 2818 an-

408 2862 563 2924 tecedere
575 2860 698 2942 potuit.
717 2859 961 2925 Hortubutur
974 2857 1078 2922 etiam
1093 2861 1193 2923 rebus
1205 2858 1369 2923 inanimis
1379 2861 1556 2939 tribuitur3
1576 2860 1635 2924 cfr.
1660 2861 1726 2924 cic.
1740 2881 1807 2945 pro
1900 2925 1903 2928 .

406 2965 495 3029 Sext.
507 2968 537 3028 3.
559 2961 781 3048 reipublicae
800 2960 963 3052 dignitas
991 2987 1047 3028 rne
1067 2967 1157 3029 haec
1177 2964 1323 3030 minora
1343 2965 1549 3047 relinquere
1568 2965 1744 3030 hortatur
1763 3001 1803 3020 -

406 3067 630 3132 necessitudo
651 3069 779 3132 Charis.
799 3089 876 3154 pag.
889 3073 940 3151 76.
958 3070 1151 3144 «Salustius
1168 3071 1455 3136 necessitudinem
1470 3070 1592 3154 saepius
1607 3091 1672 3154 pro
1689 3091 1805 3135 neces·

407 3169 505 3231 titate
524 3171 649 3250 posuit.
670 3171 800 3234 scilicet
822 3173 982 3252 antiquos
997 3176 1180 3256 scriptores
1196 3177 1350 3239 imitatus
1374 3187 1439 3260 est,
1459 3175 1520 3256 qui
1542 3186 1721 3255 utramque
1741 3195 1803 3238 vo-

407 3290 482 3336 cem
494 3271 687 3354 promiscue
705 3273 941 3352 usurparunt.”
963 3273 1022 3334 cfr.
1035 3277 1114 3340 Aul.
1130 3277 1219 3338 Gell.
1243 3281 1289 3340 46.
1309 3281 1337 3338 3.
1357 3319 1374 3352 p
1386 3280 1423 3341 in
1442 3281 1542 3342 libris
1560 3289 1711 3343 veterum
1723 3281 1803 3342 ‘vul-

408 3395 453 3460 go
472 3377 619 3458 reperias
639 3375 924 3440 necessitudinem
941 3375 1011 3440 dici
1025 3397 1089 3462 pro
1100 3397 1142 3442 eo
1162 3382 1257 3459 quod
1274 3401 1449 3446 necessum
1468 3384 1555 3448 est.''
1576 3386 1684 3448 multa
1709 3386 1801 3450 enim

409 3479 622 3542 substantiva
636 3478 775 3542 inludo
787 3488 821 3542 et
836 3489 893 3543 tna
911 3481 1132 3560 desinebants
1154 3505 1182 3546 c.
1197 3505 1245 3568 gr.
1255 3485 1446 3552 suavitudo
1464 3497 1497 3554 et
1506 3486 1683 3574 suavitas,
1698 3511 1803 3553 sanc-

409 3579 531 3647 titudo
559 3578 755 3665 sanctitas,
787 3581 1020 3667 acerbitudo,
1040 3585 1235 3667 acerbitas,
1259 3586 1446 3674 acritudo,
1467 3589 1617 3658 ueritas.
1649 3591 1801 3660 necessi·

410 3689 498 3752 tudo
529 3707 594 3772 pro
615 3687 813 3752 necessitate
840 3688 943 3754 etiam
971 3693 1079 3756 Varro
1093 3701 1127 3754 et
1142 3692 1294 3758 Sisenna.
1316 3695 1375 3756 cir.
1394 3699 1481 3760 Non.
1504 3699 1602 3761 Marc.
1616 3715 1645 3774 4.
1676 3704 1746 3764 322.
1768 3710 1802 3764 et

406 3792 518 3854 Scaur.
538 3797 580 3856 de
598 3795 760 3880 Orthogr.
779 3818 813 3878 p.
837 3797 925 3876 1378.
945 3797 1005 3861 Ed.
1028 3797 1184 3862 Gothosr.
1227 3796 1337 3864 virere
1358 3798 1465 3885 copia
1485 3802 1509 3864 i.
1531 3823 1560 3865 e.
1579 3802 1720 3868 vivendi
1741 3805 1802 3868 cir.

407 3894 484 3978 lug.
503 3915 573 3978 cap.
591 3900 640 3976 89.
658 3941 675 3973 4
688 3901 816 3979 majora
842 3903 982 3984 aggredi
1002 3911 1133 3986 tempus
1154 3904 1265 3966 visum
1290 3916 1349 3972 est.
1357 3906 1376 3939 ”
1407 3910 1483 3992 lug.
1509 3911 1537 3971 3.
1566 3909 1663 3983 «nisi
1687 3911 1799 3974 libido

408 4006 501 4062 tenet
523 4001 684 4081 potentiae
702 4023 889 4086 paucorum
908 4007 1010 4068 decus
1022 4018 1123 4087 atque
1145 4009 1340 4072 libertatem
1361 4030 1456 4073 suam
1474 4011 1694 4102 gratificari.
1712 4016 1798 4090 «eti.

406 4104 432 4170 l.
450 4123 522 4188 cap.
544 4121 612 4166 102.
642 4107 771 4178 ..nobis
795 4107 1081 4174 necessitudinem
1109 4154 1158 4175 ...
1186 4115 1340 4176 demeres
1363 4123 1396 4178 te
1421 4126 1454 4178 et
1480 4117 1580 4180 illum
1602 4119 1770 4202 persequi.
1779 4119 1797 4152 ''

404 4219 484 4274 sunt
506 4208 641 4292 aliquot
660 4209 887 4293 substantiva,
907 4211 968 4274 ubi
994 4213 1184 4280 infinitivus
1205 4217 1328 4300 saepius
1347 4219 1532 4298 subjective
1556 4224 1716 4308 ponitur,
1739 4243 1801 4288 ne·
