4106 4974
390 385 462 438 222

397 561 490 623 8.ιο.
510 571 561 637 sq.
582 569 756 644 magnum
777 557 890 637 atque
910 553 998 622 late.
1019 552 1044 618 i.
1058 570 1087 616 e.
1108 569 1270 639 magnum
1284 548 1351 615 luit
1371 555 1475 635 atque
1492 551 1562 620 late
1580 555 1701 638 patuit.
1722 578 1810 642 qua·
1830 582 1833 592 ·

392 683 430 728 re
449 661 636 744 incertum,
657 679 744 722 num
763 659 928 724 hocloco
949 658 1156 740 adjectivum
1174 677 1239 742 pro
1260 657 1425 724 adverbio
1445 658 1596 744 positum
1618 661 1735 748 dicas,
1762 686 1808 730 an

393 767 511 854 potius
531 787 704 855 magnum
731 786 794 851 per
815 766 1068 852 appositionem
1093 763 1250 842 additum
1270 772 1380 848 putes.
1403 765 1551 832 alterum
1571 768 1696 853 saepius
1714 770 1807 858 lieri,

398 894 471 939 non
492 883 558 958 est,
579 875 675 957 quod
694 872 848 938 doceam.
868 873 929 942 cir.
951 873 1147 936 Ramshorn
1167 871 1225 933 Gr.
1238 873 1276 934 L.
1288 869 1318 954 ς.
1335 871 1541 936 simutant.
1557 875 1600 938 11.
1614 893 1642 942 o.
1663 885 1698 941 et
1710 878 1808 942 liud·

396 981 479 1044 dim.
500 983 582 1043 Inst.
596 981 633 1042 L.
649 979 687 1042 L.
701 995 731 1043 a.
752 998 830 1065 pag.
850 979 919 1044 158.
940 980 1000 1042 scd
1020 975 1232 1062 illudmagis
1251 975 1427 1062 poeticum
1447 986 1482 1041 et
1501 977 1721 1044 simillimum
1735 985 1806 1048 *hoc

399 1089 493 1171 apud
502 1083 617 1149 -Tacit
631 1083 721 1152 Aua.
736 1105 766 1165 7.
779 1087 831 1165 37.
862 1080 1081 1148 nunciavere
1101 1083 1268 1164 accolae,
1287 1082 1506 1166 Euphraten
1516 1087 1622 1150 nulla
1634 1080 1805 1152 imbrium

400 1189 445 1276 vi,
466 1197 597 1274 sponte
616 1187 874 1256 etimmcnsum
881 1185 1063 1259 attolli-
1076 1184 1201 1252 valuit.
1221 1187 1284 1253 ic.
1303 1187 1428 1273 opibus
1447 1191 1583 1275 demit,
1603 1191 1690 1256 alias
1708 1193 1806 1256 addi·

391 1305 450 1360 tur
469 1296 733 1360 ablativum.
755 1293 871 1379 betto,
893 1290 1027 1379 capiis3
1050 1293 1156 1358 falsus
1176 1292 1284 1380 igitur
1297 1293 1435 1358 Curtius
1448 1301 1517 1379 est,
1537 1295 1600 1378 qui
1615 1292 1729 1362 valuit
1741 1317 1805 1381 pro

389 1400 457 1484 luit
474 1401 626 1486 positum
652 1419 724 1465 csse
746 1398 891 1486 putavit.
928 1399 995 1466 Sed
1016 1399 1206 1466 Masinissa
1225 1409 1259 1464 et
1277 1400 1442 1485 Syphacis
1462 1419 1568 1486 regna
1590 1400 1628 1464 in
1651 1422 1690 1466 ea
1709 1413 1806 1486 parte

391 1505 515 1570 lirion
538 1504 621 1589 sita,
640 1513 842 1588 quaepostea
851 1501 1029 1572 Numidia
1049 1527 1146 1571 nova
1162 1513 1197 1570 et
1215 1501 1454 1572 Mauritania
1474 1502 1724 1574 Caesariensis
1743 1528 1806 1592 ap-

387 1611 519 1698 pellata
539 1618 598 1676 est.
620 1609 744 1674 incolae
764 1609 910 1696 Massyli
930 1619 964 1676 et
984 1610 1175 1696 Massasyli
1194 1608 1290 1674 dicti.
1311 1609 1371 1675 cfr.
1384 1609 1474 1676 Plin.
1490 1612 1521 1675 5.
1539 1628 1567 1674 a.
1580 1619 1613 1676 ct
1632 1631 1679 1674 ιο.
1696 1613 1726 1674 8.
1746 1633 1807 1676 ur·

396 1719 458 1783 bes
479 1715 749 1803 opulentissime}
769 1716 888 1802 Hippo
909 1715 1057 1803 Regius,
1086 1715 1195 1800 Cirta,
1215 1717 1316 1778 lama
1336 1722 1372 1780 ct
1388 1713 1470 1802 Siga
1488 1713 1594 1790 luere.
1626 1714 1726 1779 bona
1747 1722 1806 1779 at-

399 1843 469 1906 que
487 1823 653 1898 honesta.
681 1820 805 1907 sapius
825 1824 898 1886 hac
918 1839 1126 1906 componere
1157 1828 1249 1884 amat
1283 1821 1351 1885 Sal.
1371 1819 1452 1886 ride
1472 1819 1564 1885 inira
1582 1839 1654 1905 cap.
1671 1821 1723 1884 85.
1742 1820 1805 1886 fin.

394 1923 487 1993 boni
504 1923 719 2009 honestique
746 1923 856 1992 vitam
880 1923 1077 2016 exigerent.
1099 1928 1131 2000 8.
1159 1922 1307 1992 divitiae
1327 1926 1422 1992 bano
1443 1925 1666 2008 honestaque
1679 1919 1805 2009 potia.

390 2052 460 2099 res.
481 2053 530 2114 29·
563 2054 587 2097 a
608 2031 703 2097 bono
724 2030 950 2116 honestoque
970 2029 1009 2097 in
1032 2051 1187 2116 pravum
1212 2031 1436 2102 abstractus.
1467 2034 1528 2098 sed
1547 2031 1711 2096 hocloco
1731 2049 1804 2096 uon

393 2141 514 2204 eadem
542 2138 669 2202 horum
699 2138 886 2203 verborum
920 2136 1138 2225 significatio.
1164 2135 1281 2203 bonus
1311 2137 1406 2202 euim
1436 2144 1486 2204 est
1514 2136 1632 2220 utilis,
1651 2144 1690 2199 ut
1722 2137 1803 2200 Tac·

277 2315 280 2320 ¹
393 2244 482 2308 ann.
498 2265 527 2308 a.
549 2259 596 2319 ιι.
632 2241 765 2326 Campi
784 2237 899 2308 militi
916 2243 1088 2309 Romano
1109 2243 1161 2308 ad
1171 2239 1365 2328 proelium.
1378 2237 1475 2308 boni.
1504 2240 1696 2308 honestum
1716 2240 1805 2306 dici·

394 2355 452 2412 tur
470 2347 506 2418 h.
525 2348 552 2411 l.
570 2349 665 2430 quod
685 2347 815 2412 honori
836 2356 906 2432 est,
927 2368 1000 2412 nou
1028 2347 1086 2412 cui
1114 2349 1227 2413 honus
1253 2347 1426 2412 tribuitur.
1457 2346 1589 2412 seilicet
1614 2346 1713 2411 laudi
1738 2345 1805 2410 fuit

393 2454 561 2518 Romanis
580 2453 750 2538 amicitia,
782 2451 1111 2536 quia'Masiuissam
1130 2451 1306 2538 colebant,
1334 2471 1447 2536 neque
1464 2452 1520 2517 sui
1536 2452 1691 2538 ipsorum
1711 2471 1805 2518 com·

393 2557 491 2620 modi
502 2557 613 2641 gratia
623 2560 690 2621 hoc
700 2556 861 2622 amicitia
880 2555 990 2622 ioedus
1003 2557 1158 2636 junxisse
1173 2555 1390 2624 videbantur.
1409 2554 1589 2625 nubitum.
1599 2560 1674 2623 Vat.
1687 2559 1716 2622 6.
1724 2576 1805 2644 per·

393 2679 524 2748 peram.
541 2655 769 2744 sedimperii.
788 2661 873 2725 libri
892 2661 1028 2742 aliquot
1047 2669 1098 2746 et,
1125 2680 1214 2726 unns
1233 2661 1439 2750 particulam
1458 2681 1526 2732 om.
1546 2662 1641 2742 cujus
1653 2661 1805 2726 auctori-

397 2776 502 2832 tatem
523 2773 659 2832 secunrs
678 2772 730 2830 est
750 2767 844 2830 Gort.
873 2766 968 2848 quod
988 2766 1152 2832 audacius
1171 2786 1278 2849 quam
1297 2767 1431 2848 verius3
1450 2769 1516 2834 sed
1532 2767 1626 2834 euim
1646 2785 1689 2832 ex
1707 2785 1805 2834 more

394 2871 538 2939 Salustii
557 2870 720 2958 positum.
741 2869 802 2936 cir.
823 2871 894 2935 Cat.
910 2873 959 2935 ⁵5.
989 2871 1055 2936 sed
1072 2866 1236 2957 incultu,
1256 2868 1414 2936 tenebris
1433 2882 1496 2938 etc.
1516 2879 1627 2938 totum
1646 2876 1739 2938 hunc
1751 2873 1804 2938 lo·

393 2999 473 3046 cum
494 2978 631 3044 Curtius
650 2977 741 3044 male
761 2977 1005 3065 interpretatus
1027 2985 1087 3042 cst.
1124 2976 1255 3042 scilicet
1273 2976 1312 3040 id
1333 2986 1507 3042 auctorem
1525 2977 1719 3064 significare
1737 3000 1804 3064 pu-

393 3085 499 3166 tavit,
529 3082 716 3169 imperium
743 3084 782 3148 in
810 3087 953 3151 donatas
973 3085 1076 3150 urbes
1104 3091 1208 3168 atquc
1234 3099 1335 3170 agros
1355 3102 1427 3147 uon
1447 3082 1648 3158 translatum
1668 3103 1740 3152 essa
1757 3088 1805 3150 sd

399 3187 517 3271 filios,
535 3191 596 3252 scd
617 3209 695 3252 cum
713 3189 786 3252 vita
805 3190 995 3256 Masinissa
1015 3189 1165 3254 desiisse.
1187 3188 1315 3252 Cirtam
1333 3188 1427 3254 euim
1440 3195 1474 3254 et
1491 3187 1660 3272 reliquam
1670 3192 1805 3276 Sypha-

393 3294 443 3359 cis
453 3291 653 3364 Numidiam
673 3291 713 3357 in
733 3293 920 3378 provincia
940 3291 1090 3357 formam
1109 3292 1214 3358 fuisse
1236 3297 1418 3363 redactam.
1443 3296 1573 3359 Contra
1588 3293 1705 3360 livius
1724 3295 1804 3382 (Ep,

394 3399 467 3480 L,)=
487 3399 600 3472 «inter
612 3407 680 3463 tres
690 3395 820 3462 liberos
832 3397 914 3482 ejus,
935 3397 1124 3462 maximum
1138 3405 1224 3464 natu
1237 3397 1439 3486 Micipsam,
1459 3401 1658 3485 Gulussam,
1677 3403 1803 3467 Masta-

396 3501 575 3582 nabalem,
606 3501 669 3580 qui
696 3501 800 3562 etiam
827 3501 954 3565 Graecis
979 3502 1092 3566 literis
1111 3505 1266 3568 eruditus
1284 3513 1374 3581 erat,
1394 3507 1430 3574 Ρ.
1452 3505 1571 3592 Scipio
1588 3507 1802 3572 Aemilianus

394 3607 527 3694 (quum
558 3622 741 3669 commune
767 3603 818 3668 eis
845 3612 943 3687 pater
970 3623 1116 3689 regnum
1143 3605 1338 3688 reliquisset
1364 3617 1399 3674 et
1417 3609 1573 3678 dividere
1593 3631 1653 3679 cos
1670 3613 1803 3678 arbitro

392 3713 555 3798 Scipione
581 3709 765 3794 jussisset)
801 3719 915 3796 partes
947 3709 1214 3776 administrandi
1250 3713 1349 3800 regni
1386 3714 1536 3782 divisit.»
1566 3717 1629 3784 cir.
1655 3719 1802 3804 Appian.

392 3819 437 3881 de
457 3820 543 3887 Reb.
557 3821 651 3912 Puu..
663 3819 694 3883 8.
710 3821 779 3890 106.
800 3817 864 3882 ubi
883 3818 1077 3884 accuratius
1096 3818 1227 3884 dictum
1248 3830 1314 3904 est,
1334 3825 1512 3904 quomodo
1533 3825 1675 3889 divitias
1694 3833 1729 3889 et
1747 3841 1801 3889 re·

390 3941 500 4009 gnum
520 3922 708 3989 Masinissa
726 3923 843 4010 Scipio
864 3923 1031 3990 diviserit.
1068 3927 1190 3990 Postea
1217 3935 1333 3990 autem
1359 3928 1426 3992 hoc
1446 3931 1467 3992 a
1486 3929 1654 3994 Romanis
1673 3929 1802 3994 tactum

389 4045 475 4113 asse,
493 4024 573 4110 quis
592 4035 658 4110 est,
679 4027 740 4109 qui
758 4035 876 4115 putet,
896 4049 973 4092 cum
994 4029 1069 4116 ipse
1088 4030 1257 4098 Salustius
1277 4033 1488 4097 contrarium
1508 4035 1611 4099 dicat.
1632 4034 1693 4103 cir.
1709 4033 1800 4100 inira

393 4155 422 4199 c.
440 4135 488 4200 rs.
505 4141 539 4200 ct
555 4147 605 4194 ar.
626 4130 690 4193 ubi
709 4133 866 4194 Romana
879 4134 1058 4217 provincia
1077 4140 1122 4200 ad
1142 4137 1235 4201 solos
1256 4137 1590 4224 Carthaginiensium
1618 4140 1802 4225 finesper·

392 4239 537 4308 tinuisse
556 4247 590 4306 et
610 4237 702 4304 Cirta
722 4236 950 4304 Numidarum
977 4241 1143 4327 oppidum
1171 4241 1308 4307 dicitur.
1344 4244 1393 4306 Ea
1421 4244 1529 4331 igitur
1558 4243 1799 4330 interpretatio
