4108 4976
1594 421 1664 501 297
1748 455 1752 462 ·

260 615 323 682 pra
340 602 389 661 est
410 596 591 661 monitum.
613 592 774 686 negotia.
794 595 874 661 vide
889 595 966 680 lug.
977 593 1005 658 5.
1021 598 1055 656 et
1067 597 1116 672 93.
1139 595 1277 669 (15154.
1298 615 1343 658 ec
1364 591 1481 678 copia.
1502 597 1569 662 nl.
1590 598 1664 664 vim

258 703 364 766 hahet
377 703 539 766 vocabuli
557 702 680 782 medii3
699 701 830 766 dictum
851 703 945 768 enim
966 719 1041 785 pro:
1062 721 1102 763 ex
1118 696 1320 762 difficultate
1333 720 1465 780 rerum;
1484 702 1599 767 simile
1614 710 1664 769 est

257 808 467 893 Plautinum,
481 807 580 892 Epid.
596 831 625 871 1.
642 833 670 870 ι.
686 812 736 888 59.
757 828 832 872 non
846 815 900 870 eet
917 803 1120 872 cunctandi
1136 800 1253 887 copia.
1272 803 1346 866 Liv.
1365 809 1414 867 28.
1429 827 1477 873 ιι.
1505 804 1665 898 ludifre-

257 914 383 978 nebres
402 910 523 978 additi
532 932 608 998 pro
630 910 748 997 copia,
768 913 791 975 i.
806 933 835 979 e.
854 907 1078 994 inquantum
1097 930 1160 994 per
1178 909 1364 993 provinciae
1385 930 1467 994 opes
1488 919 1521 976 et
1538 921 1663 978 castro-

256 1039 334 1082 rum
355 1028 557 1103 apparatum
577 1019 652 1082 fieri
669 1026 813 1102 poterat.
833 1017 881 1086 id.
902 1021 948 1080 26.
965 1039 1011 1079 ιι.
1038 1018 1207 1096 donaque
1234 1011 1312 1078 alia
1335 1033 1408 1098 pro
1440 1013 1663 1112 copia‘por·

258 1130 389 1187 tontes.
404 1133 438 1188 et
460 1143 509 1207 ²7·
523 1126 551 1186 6.
574 1126 694 1206 ludos,
710 1143 783 1208 pro
806 1120 980 1206 temporie
1000 1119 1079 1205 ejus
1100 1117 1222 1204 eopia,
1254 1117 1442 1207 magnifici
1459 1124 1663 1206 dppnratue

246 1223 435 1318 fecerunt.
451 1267 492 1282 -
500 1232 725 1312 plerumque.
751 1227 917 1307 adjective
945 1226 1107 1310 positum,
1127 1233 1166 1288 ut
1185 1227 1277 1310 apud
1292 1225 1366 1294 liv.
1380 1232 1429 1302 45.
1446 1249 1475 1308 9.
1490 1225 1586 1314 finis
1605 1226 1663 1294 in·

258 1332 352 1422 clyti
365 1355 433 1416 per
454 1338 642 1424 Europam
661 1336 883 1416 pleramque.
905 1332 965 1395 cir.
981 1352 1083 1415 supra
1103 1351 1174 1414 cap.
1191 1351 1238 1392 ιι.
1260 1339 1294 1394 et
1316 1335 1455 1397 (15153.
1473 1342 1506 1396 et
1524 1335 1575 1395 38.
1604 1333 1661 1396 ἰιι.

255 1435 309 1500 fra
324 1459 372 1518 79.
395 1435 459 1500 ubi
469 1441 688 1522 plerumque
707 1433 829 1502 noctis
842 1433 1036 1520 processit.
1048 1475 1091 1490 ·-
1103 1431 1282 1519 palantia
1301 1439 1419 1502 11515.
1442 1433 1615 1502 intactus.
1635 1440 1659 1507 i.

256 1561 295 1622 e.
307 1544 456 1629 integer,
476 1544 549 1607 Liv.
570 1567 596 1605 ι.
615 1547 665 1606 55.
686 1540 868 1608 intactum
881 1537 993 1633 ferro
1017 1562 1160 1626 corpus.
1181 1541 1229 1605 id.
1245 1564 1274 1607 ι.
1292 1559 1339 1606 xa.
1356 1551 1391 1606 et
1411 1543 1440 1606 5.
1455 1544 1506 1605 38.
1525 1538 1664 1633 integri
1776 1597 1780 1614 .

256 1644 462 1734 intactique
473 1646 737 1740 profugerant.
1067 1657 1070 1666 “

337 1760 419 1840 Cap.
437 1759 506 1822 LV.
524 1778 633 1837 seque
652 1765 687 1819 et
703 1753 850 1821 exercit.
869 1762 1023 1843 gereret.
1044 1754 1103 1822 cir.
1119 1752 1211 1817 inira
1230 1771 1302 1836 cap.
1316 1755 1366 1818 85.
1387 1775 1513 1837 meque
1527 1777 1662 1839 vosque

255 1853 295 1924 in
316 1860 483 1927 omnibus
504 1860 612 1924 rebus
621 1857 743 1950 juxta
758 1881 896 1946 geram.
917 1861 977 1922 sed
991 1860 1059 1921 hoc
1075 1857 1281 1922 insolentius
1291 1860 1438 1939 dictum3
1458 1863 1553 1941 quod
1566 1862 1661 1924 enim

254 1965 462 2049 respublica,
483 1965 632 2040 bellum,
654 1971 689 2028 et
704 1963 850 2048 imperia
870 1961 944 2048 geri
966 1963 1142 2046 dicuntur,
1167 1963 1250 2026 inde
1269 1983 1342 2027 non
1367 1965 1535 2051 sequitur,
1556 1967 1661 2030 etiam

254 2073 298 2134 ad
318 2090 481 2154 personas
501 2072 567 2134 hoc
585 2089 685 2153 posse
701 2069 839 2148 referri3
859 2068 931 2131 alio
951 2069 1045 2131 enim
1065 2086 1167 2130 sensu
1185 2067 1242 2132 his
1256 2069 1425 2155 jungitur.
1446 2091 1552 2152 quare
1571 2073 1660 2135 hanc

253 2183 457 2242 structuram
484 2176 633 2238 Salustio
660 2175 838 2258 propriam
866 2193 937 2236 esec
953 2172 1083 2252 judico.
1105 2175 1165 2236 sed
1186 2193 1264 2259 cum
1284 2195 1464 2263 regerere
1483 2174 1659 2260 aliquem,

252 2281 357 2365 vulgo
379 2275 515 2344 'dictum
536 2279 599 2364 sit,
629 2281 707 2342 hoc
724 2278 829 2342 etiam
850 2281 894 2341 ad
912 2277 997 2342 alias
1017 2297 1181 2364 personas
1203 2275 1378 2344 transferri
1398 2284 1578 2346 commode
1597 2303 1660 2366 po·
1784 2293 1788 2312 ¹

252 2388 328 2454 tuit.
350 2395 470 2451 contra
488 2387 608 2450 Cicero
628 2385 730 2450 dixit:
763 2405 834 2468 quo
862 2380 901 2448 in
930 2401 1078 2450 munere
1108 2381 1163 2447 ita
1184 2405 1220 2448 se
1240 2385 1428 2450 tractavit.
1456 2386 1527 2451 vim
1548 2388 1660 2452 Graeci

249 2493 348 2558 verbi
367 2496 486 2562 terteris
506 2513 526 2554 a
546 2491 693 2556 Salustio
721 2511 912 2576 expressam
940 2512 1012 2556 esse
1031 2491 1214 2576 putaveris.
1241 2487 1486 2578 magnificum.
1507 2493 1530 2556 i.
1551 2513 1581 2556 e.
1601 2513 1660 2556 su·
1718 2557 1719 2560 ,

250 2600 398 2682 perbum
419 2608 453 2664 et
476 2597 749 2684 magniloquum.
769 2597 879 2666 Plaut.
897 2599 1015 2660 Bacch.
1030 2614 1059 2673 4.
1073 2619 1102 2678 9.
1120 2615 1171 2675 42.
1206 2620 1288 2662 cum
1309 2594 1504 2684 magnpico
1528 2594 1657 2682 milite,

251 2705 358 2770 urbes
379 2701 491 2790 verbis
512 2700 577 2786 qui
583 2699 759 2766 inermus
790 2697 899 2786 capit.
930 2700 993 2764 cir.
1010 2703 1103 2766 Asin.
1121 2719 1149 2766 a.
1167 2721 1198 2765 a.
1218 2705 1267 2778 84.
1296 2724 1339 2765 ea
1357 2697 1530 2790 feliciter
1558 2710 1657 2766 acta.

251 2807 312 2872 cir.
334 2812 406 2870 Cat.
423 2811 471 2870 5ι.
496 2831 538 2872 ea
560 2808 647 2871 bene
661 2816 789 2890 parta.
811 2827 913 2888 quem
934 2807 1051 2869 locum
1072 2827 1182 2890 nuper
1202 2809 1241 2871 V.
1263 2809 1304 2868 D.
1324 2807 1486 2869 Latinum
1505 2826 1576 2869 esse
1597 2827 1659 2870 ne-

250 2912 353 2996 351114
374 2915 487 2994 credo,
507 2914 602 2992 quod
621 2929 813 2994 pronomen
834 2910 1020 2994 participio
1036 2911 1139 2994 jungi
1159 2929 1259 2992 posse
1278 2909 1466 2974 diffidebat.
1486 2913 1545 2974 sed
1565 2914 1659 2994 apud

250 3017 385 3080 Graecos
402 3019 475 3079 haec
495 3015 618 3099 sapius
636 3015 900 3099 conjunguntur.
923 3013 982 3082 cfr.
1004 3017 1136 3079 Platon.
1158 3016 1201 3077 de
1220 3017 1323 3098 Legg.
1337 3019 1367 3080 3.
1386 3037 1419 3096 p.
1438 3030 1504 3090 ιι4.
1525 3015 1657 3100 patret„

250 3118 418 3195 ie‘lcu'lor,
433 3121 489 3194 iiie
508 3119 584 3194 satiei
602 3121 678 3206 μίαν
697 3118 808 3189 οἴκησιν
827 3125 880 3189 eei
901 3116 976 3192 natet
996 3117 1078 3205 pirre
1096 3115 1325 3215 iterrafflu'ter
1347 3117 1465 3190 κ.’1.λ.
1493 3119 1574 3183 vide
1589 3123 1658 3184 Ma·

131 3285 136 3290 .
249 3226 331 3292 thiae
356 3213 414 3290 Gr.
438 3228 496 3293 Gr.
522 3226 552 3310 ς.
572 3229 643 3306 467.
671 3247 701 3295 5.
735 3225 787 3289 ad
816 3220 1007 3289 victoriam
1028 3219 1110 3286 niti.
1141 3225 1214 3288 haec
1245 3221 1388 3286 locutio.
1403 3226 1563 3286 adamata
1596 3227 1658 3289 Sa·

248 3333 371 3413 lustio,
392 3333 520 3416 quippe
541 3332 603 3413 qui
618 3353 691 3415 pro
714 3339 747 3397 et
768 3338 918 3413 contra,
944 3330 997 3393 ad
1014 3335 1047 3392 et
1068 3329 1106 3392 in
1126 3324 1274 3412 aliquid
1289 3327 1361 3400 niti
1375 3329 1498 3412 saepius
1519 3330 1654 3396 dixerit.

250 3439 392 3502 clarior
411 3442 514 3501 erat.¹
538 3439 629 3500 Med.
646 3459 672 3498 1.
689 3455 717 3500 a.
730 3451 761 3512 4.
775 3439 802 3502 5.
818 3457 847 3515 7.
861 3437 890 3498 8.
904 3455 932 3514 9.
950 3456 997 3498 ιι.
1023 3438 1105 3499 Ven.
1117 3439 1147 3498 3.
1160 3453 1191 3512 4.
1211 3437 1286 3498 1151.
1299 3456 1329 3496 2.
1352 3436 1492 3498 clarior
1512 3443 1595 3498 erat
1613 3473 1658 3494 ..-

249 3537 487 3607 anxiarerat.
507 3544 582 3607 Vat.
600 3565 626 3604 1.
640 3547 668 3604 3.
683 3558 713 3618 4.
734 3544 794 3605 sed
815 3550 897 3604 erat
917 3549 995 3624 post
1015 3537 1149 3605 arrius
1170 3542 1280 3604 multo
1299 3539 1497 3624 elegantius.
1515 3543 1656 3623 praeda

248 3647 468 3711 vastabatur
487 3646 511 3709 i.
533 3666 561 3709 e.
578 3646 805 3729 praedando.
823 3644 905 3708 vide
927 3627 994 3707 Cat.
1010 3664 1057 3712 rx.
1078 3642 1143 3708 ubi
1161 3642 1196 3709 vi
1214 3666 1315 3729 opus.
1340 3642 1381 3711 vi.
1402 3665 1470 3708 οιιι.
1490 3645 1656 3728 Eich.pa··

248 3772 327 3815 rum
346 3760 510 3816 accurate.
533 3745 648 3814 latius
668 3757 853 3830 cresceret.
873 3753 946 3814 haec
967 3750 1121 3813 omnium
1145 3752 1253 3812 Codd.
1272 3750 1346 3812 Ital.
1358 3748 1471 3812 lectio.
1493 3769 1656 3814 creseere

248 3857 284 3922 h.
305 3857 330 3919 1.
351 3865 400 3920 est
421 3855 576 3938 extendi,
594 3853 789 3940 propagari.
809 3855 882 3916 Liv.
905 3859 955 3934 39.
977 3857 1024 3916 ι6.
1052 3851 1183 3917 crescit
1204 3862 1240 3916 et
1259 3850 1373 3934 serpit
1395 3849 1557 3934 quotidie
1577 3875 1656 3918 ma-

250 3961 335 4026 lum.
357 3960 522 4044 Quinctil.
543 3962 623 4022 lust.
645 3962 745 4026 Rhet.
761 3961 790 4022 8.
807 3961 836 4022 5.
868 3955 965 4022 nihil
992 3959 1044 4020 ad
1058 3955 1217 4046 justam¹
1232 3953 1463 4020 altitudinem
1494 3979 1654 4040 crescere

244 4073 384 4150 potest,
405 4067 506 4147 quod
512 4067 608 4142 loco,
629 4065 667 4128 in
691 4085 793 4146 quem
807 4069 964 4140 crescat,
987 4065 1505 4150 caret.-erescerent.ilcn.a.
1515 4059 1652 4151 fontis.

247 4169 322 4236 Vat.
337 4169 365 4232 5.
385 4169 507 4253 probo.
534 4189 572 4231 se
592 4169 779 4233 ostendere
799 4167 822 4231 i.
844 4185 872 4233 e.
894 4166 932 4228 in
953 4173 1171 4250 conspectum
1191 4167 1321 4233 venire·
1350 4160 1500 4234 ceterum
1518 4185 1582 4250 pes
1602 4173 1652 4239 to-

250 4283 321 4338 tum
342 4276 409 4339 hoc
426 4282 526 4359 caput
543 4273 711 4339 orationis
729 4269 929 4356 simplicitas
946 4269 1132 4335 laudanda.

1205 4382 1251 4453 33
