4116 4970
388 385 409 431 2

390 554 479 638 ciat,
499 571 603 633 quam
627 551 721 615 varie
750 554 830 620 VN.
847 555 929 616 D.D.
954 556 998 615 de
1012 550 1161 641 ⁸Horatii
1180 549 1325 634 epistola
1347 554 1391 612 ad
1414 550 1555 615 Pisones
1579 551 1786 615 statuerint?

389 652 482 736 Quid
500 655 637 717 Tacitus
655 655 872 738 potissimum
892 658 929 719 in
956 657 1079 719 libello
1098 658 1141 717 de
1156 656 1224 717 situ
1247 663 1280 718 et
1298 655 1452 719 moribus
1472 656 1674 720 Germania·
1691 675 1786 719 secu-

387 756 523 840 tussit,
549 757 737 821 etiamnum
759 780 829 824 non
849 762 951 844 pauci
982 751 1081 846 sunt,
1111 761 1172 842 qui
1192 759 1360 822 dubitent.
1394 761 1445 821 De
1465 761 1618 833 Platonis
1638 759 1786 844 dialogis

385 880 466 924 vero
489 869 557 923 tam
577 863 671 925 varia
691 873 769 926 sunt
787 865 1047 950 philologorum
1075 873 1110 929 ct
1129 865 1417 948 philosophorum
1434 863 1581 948 judicia,
1602 873 1641 926 ut
1658 863 1689 926 si
1708 882 1786 926 auc-

386 963 470 1026 toris
489 965 580 1049 rita,
608 968 653 1028 ab
677 969 821 1049 antiquo
844 970 1068 1054 grammatico
1100 968 1291 1031 accuratius
1315 967 1459 1052 scripta,
1480 976 1613 1032 aetatem
1634 967 1785 1047 tulisset,

388 1070 575 1133 mtrltorum
593 1089 724 1136 errores
742 1072 857 1136 refelli
875 1095 972 1156 posse
991 1075 1200 1137 riderentur.

465 1175 531 1238 Sed
557 1176 728 1239 clarorum
749 1185 926 1238 auctorum
946 1178 1033 1239 vitas
1051 1197 1227 1260 enarrare,
1248 1183 1286 1238 ut
1305 1175 1412 1239 serius
1426 1179 1516 1259 apud
1528 1176 1662 1240 Graecos
1682 1181 1785 1255 atque

386 1281 558 1343 Romanos
584 1281 622 1340 in
646 1299 745 1340 usum
761 1279 874 1363 venit,
893 1280 941 1341 ita
963 1280 1085 1362 saepius
1109 1281 1147 1340 in
1164 1279 1220 1342 his
1238 1279 1339 1342 libris
1368 1279 1582 1343 desideratur
1604 1277 1785 1363 diligentia

385 1392 487 1462 atque
514 1391 670 1444 accurata
694 1384 768 1446 reri
796 1385 1025 1470 investigatio.
1059 1386 1145 1447 Nam
1169 1405 1246 1445 cum
1267 1404 1405 1467 eorum,
1425 1383 1486 1464 qui
1504 1383 1606 1446 rebus
1622 1381 1784 1464 praeclare

384 1484 488 1567 gestis
509 1505 668 1570 magnam
688 1485 756 1548 sibi
776 1487 923 1572 gloriam
943 1487 1157 1570 paraverint,
1184 1495 1234 1549 tot
1256 1488 1426 1568 tantisque
1449 1487 1624 1550 erroribus
1649 1485 1693 1548 sit
1720 1485 1786 1546 irn-

384 1587 508 1669 plicata
525 1590 707 1674 memoria,
728 1592 813 1673 quid
833 1594 970 1654 tandem
996 1592 1034 1655 in
1055 1591 1201 1654 literatis
1224 1590 1425 1654 hominibus
1448 1589 1574 1652 iactum
1594 1608 1665 1652 esse
1685 1595 1785 1671 puta-

384 1691 487 1782 veris,
508 1693 569 1774 qui
590 1696 713 1778 saepius
733 1695 857 1760 remoti
884 1717 904 1759 a
925 1698 1026 1759 rebus
1046 1695 1195 1780 publicis
1214 1714 1250 1759 se
1280 1697 1324 1756 ad
1342 1694 1458 1757 literas
1486 1703 1588 1775 atque
1612 1693 1786 1755 scribendi

384 1781 537 1858 studium
566 1800 809 1865 contulerunt?
848 1789 927 1885 Ipsa
950 1799 1144 1885 argumenti
1164 1799 1310 1864 tenuitas
1334 1799 1530 1862 fabularum
1560 1805 1662 1878 atque
1694 1815 1786 1858 com-

422 2088 465 2170 1.)
486 2090 645 2156 Nominis
660 2101 696 2156 et
715 2091 930 2179 cognominis
949 2092 1103 2156 ordinem
1114 2089 1293 2176 vulgatum
1308 2087 1438 2152 mutari
1457 2085 1657 2150 auctoritate
1674 2085 1784 2149 Taciti

384 2201 417 2254 ct
432 2195 571 2258 Asconii
593 2198 738 2263 Pediani
755 2209 952 2283 permotus;
980 2198 1107 2280 quibus
1126 2196 1257 2260 accedit
1288 2203 1407 2256 auctor
1428 2195 1472 2254 de
1496 2190 1590 2254 bello
1613 2187 1787 2253 Africano.

385 2294 451 2357 Cir.
466 2300 586 2363 Ascon.
606 2303 748 2367 Pedian.
767 2307 956 2368 Comment.
974 2304 1012 2366 in
1037 2305 1191 2369 Ciceron.
1212 2301 1306 2363 Orat.
1327 2319 1392 2382 pro
1412 2297 1544 2360 Milone
1571 2316 1648 2380 pag.
1680 2297 1730 2357 36.
1752 2296 1786 2357 h.

382 2399 472 2461 Edit.
496 2404 623 2466 Aldina
646 2408 832 2470 MDLXlll.
858 2418 954 2482 ,tres
978 2409 1110 2469 tribuni
1133 2409 1175 2489 Q.
1199 2404 1381 2488 Pompejus
1410 2401 1537 2483 Rufus,
1565 2401 1600 2462 C.
1620 2397 1786 2461 Salustius

384 2503 539 2587 Crispus,
559 2509 599 2568 T.
617 2511 791 2571 Munatius
806 2505 987 2570 Plancusssi
1005 2509 1066 2571 cir.
1085 2509 1192 2570 Tacit.
1211 2508 1335 2572 Annal.
1348 2529 1382 2591 1,
1403 2509 1432 2569 6.
1449 2522 1547 2590 2,4o.
1569 2509 1606 2587 3,
1626 2507 1675 2569 30.
1689 2505 1785 2566 Auci.

384 2605 477 2667 deb.
497 2606 602 2673 Afric.
625 2629 653 2673 c.
673 2612 702 2669 8.
733 2613 829 2673 Adde
854 2614 972 2692 Horat.
991 2610 1056 2672 Od.
1078 2627 1106 2671 a.
1121 2628 1157 2688 23
1176 2609 1239 2672 ubi
1259 2611 1297 2670 in
1318 2609 1541 2691 inscriptione
1560 2608 1644 2670 libri
1663 2605 1786 2670 melio·

384 2725 438 2770 res
460 2711 553 2774 hunc
570 2711 728 2776 ordinem
752 2713 921 2798 retinent,
940 2734 1043 2794 quem
1071 2721 1306 2798 expresserunt
1328 2716 1393 2776 Fea
1407 2722 1439 2775 ct
1465 2714 1566 2776 Jaeck.
1587 2710 1645 2774 cfr.
1664 2721 1788 2794 prate·

386 2831 445 2876 rea
459 2814 719 2901 inscriptionem
737 2817 828 2881 inira
842 2820 1016 2881 laudatam
1027 2822 1090 2902 Ap.
1109 2821 1233 2884 Mutat.
1240 2819 1340 2883 Thes.
1351 2819 1453 2883 Inscr.
1470 2840 1503 2901 p.
1519 2815 1699 2902 euml.
1718 2815 1785 2878 Cir.

386 2919 616 3006 Porphyrion.
634 2927 679 2988 ad
693 2923 831 2989 Horatii
847 2945 1028 2990 sermones.
1054 2947 1081 2988 ι.
1097 2942 1126 2989 2.
1138 2941 1189 3000 42.

431 3050 478 3130 a.)
494 3055 651 3118 Cetemm
664 3055 724 3136 qui
738 3056 948 3140 Sallustius,
967 3055 1143 3142 geminato
1153 3055 1178 3117 l.
1191 3053 1410 3117 scribendum
1423 3067 1493 3114 esse
1501 3047 1716 3130 judicarunt,
1735 3065 1785 3112 ex.

385 3170 436 3232 gr.
462 3157 620 3239 Cortius,
650 3160 823 3240 Visconti,
837 3163 1039 3242 Schneider,
1059 3159 1343 3241 inscriptionibus
1362 3156 1400 3218 in
1423 3151 1786 3238 orthographiapluri·

386 3277 481 3322 mum
499 3259 668 3343 tribuunt,
691 3281 834 3341 quarum
856 3262 960 3344 longe
984 3262 1132 3322 maxima
1152 3281 1230 3343 pars
1258 3261 1394 3322 literam
1411 3258 1435 3320 l.
1453 3259 1661 3342 duplicatam
1689 3255 1786 3320 exhi-

386 3366 478 3426 bent.
518 3364 585 3427 Cir.
607 3374 730 3448 praeter
760 3365 942 3428 innumera
975 3367 1147 3449 exempla,
1171 3363 1210 3427 in
1238 3363 1376 3427 Gruteri
1399 3373 1432 3426 et
1458 3362 1626 3426 Muratori
1647 3365 1786 3425 thesau-

386 3468 433 3530 ris
453 3469 612 3553 collecta,
633 3471 760 3532 Donati
776 3471 941 3552 supplem.
967 3473 1010 3531 ad
1033 3472 1119 3531 Mur.
1137 3473 1236 3534 Thes.
1257 3490 1333 3554 pag.
1359 3470 1432 3551 185,
1447 3471 1475 3531 5.
1498 3468 1584 3530 ibid.
1606 3487 1638 3528 n.
1656 3481 1686 3541 4.
1709 3485 1786 3550 pag.

387 3575 463 3657 186,
488 3597 514 3636 r.
537 3574 600 3655 (cx
620 3568 737 3635 Malioi
753 3575 871 3636 Museo
892 3577 1017 3638 Veron.
1034 3579 1110 3657 293,
1126 3574 1181 3656 8.)
1202 3574 1286 3638 ibid.
1297 3591 1330 3637 a.
1344 3594 1419 3658 pag.
1439 3577 1516 3655 300,
1536 3587 1567 3647 4.
1587 3568 1786 3654 (exsponii

386 3677 479 3742 Misc.
501 3699 577 3764 pag.
598 3677 684 3760 359.)
713 3698 788 3762 pag.
812 3680 890 3761 301,
922 3701 948 3741 r.
970 3702 1002 3762 p.
1025 3683 1095 3742 312.
1120 3695 1151 3754 4.
1188 3673 1334 3744 Marini
1352 3673 1551 3742 iscrizioni
1568 3673 1729 3738 Albane.
1750 3695 1784 3756 p.
1814 3701 1817 3709 «

388 3785 436 3846 65.
465 3806 500 3866 p.
526 3799 592 3857 124.
634 3778 780 3847 Marini
801 3781 889 3848 Atti
913 3785 955 3848 de
976 3777 1139 3849 Fratelli
1161 3779 1314 3866 Arvali,
1334 3803 1368 3864 p.
1388 3781 1456 3842 268.
1478 3803 1512 3864 p.
1528 3781 1597 3840 611.
1620 3800 1654 3861 p.
1670 3782 1741 3858 703.
1755 3797 1785 3841 a.

383 3886 604 3972 Vermiglioli
630 3884 828 3951 Iscrizioni
847 3882 1047 3974 Peragine,
1066 3889 1104 3950 T.
1121 3904 1148 3948 a.
1176 3911 1210 3970 p.
1226 3889 1296 3966 378.
1324 3888 1376 3948 De
1393 3887 1498 3947 Lama
1518 3882 1694 3946 Iscrizioni
1713 3883 1785 3946 An-

385 3993 487 4082 tiche,
507 3994 629 4055 Parma
650 3994 737 4055 1818.
757 4015 794 4076 p.
817 4007 884 4067 roa.
906 3993 987 4076 Quae
1010 3993 1151 4073 quidem
1172 3994 1258 4073 loca,
1268 4010 1401 4053 summa
1421 3989 1604 4074 diligentia
1614 3996 1783 4073 congesta,

388 4107 523 4184 accepta
532 4098 643 4162 refero
660 4097 868 4160 humanitati
882 4097 1017 4180 Orellii,
1034 4097 1101 4160 viri
1118 4095 1306 4158 doctissimi
1318 4105 1420 4177 atque
1432 4093 1629 4177 clarissimi,
1649 4091 1784 4178 quiop·

384 4205 485 4272 timas
503 4205 747 4290 inscriptiones
763 4205 802 4268 in
818 4204 976 4269 ordinem
997 4203 1144 4288 digestas
1161 4203 1263 4269 edere
1284 4200 1419 4288 cogitat.
