4108 4976
388 391 464 483 ret

388 607 452 676 pra
469 605 543 670 cap.
560 589 610 648 3ι.
631 583 665 644 et
685 581 754 642 Cat.
772 589 819 652 24.
841 593 935 656 qaae
954 593 999 637 ex
1019 533 1208 638 voluntate
1215 565 1361 661 serent.
1381 567 1509 652 quibus
1522 568 1717 634 rationibus
1731 569 1795 632 ad·

390 699 514 760 ductus
533 687 668 754 Cortius
692 686 765 748 hec
791 683 835 746 ad
857 679 1036 744 Metellum
1056 677 1326 743 referendam
1347 676 1494 760 censuit,
1524 675 1647 740 iisdem
1668 678 1794 762 impel-

390 801 465 884 lor,
493 805 533 860 ut
559 797 632 858 haec
657 792 702 854 ad
728 788 935 873 lugnrrtham
963 791 1117 868 spectare
1143 781 1344 847 existimem.
1391 781 1524 867 Quodsi
1544 783 1638 847 enim
1656 785 1729 848 hec
1747 785 1792 846 ad

393 903 571 969 Metellum
591 895 821 982 pertinerent,
851 891 1042 953 accuratius
1069 892 1113 952 de
1132 888 1176 954 iis
1197 890 1435 972 exponendum
1457 895 1547 973 erat,
1578 895 1612 952 et
1631 887 1794 952 indicati·

391 1030 474 1076 vum
493 1004 608 1092 potius
628 1019 733 1084 quam
753 995 1007 1077 conjunctivum
1028 997 1227 1079 ponendum
1239 993 1538 1077 luisseputareris.
1558 996 1619 1059 sed
1632 996 1705 1060 hec
1718 1015 1793 1060 rer·

391 1118 437 1180 ba
456 1112 633 1199 pertinent
650 1109 696 1170 ad
716 1125 773 1190 ea,
794 1123 870 1186 quae
889 1102 1059 1188 iugurtha
1078 1120 1099 1163 a
1119 1099 1260 1164 Metello
1280 1099 1464 1183 petiverat,
1483 1099 1563 1164 vide
1583 1099 1674 1162 infra
1694 1121 1724 1164 c.
1741 1103 1791 1178 48.

393 1217 524 1305 quippe
544 1211 608 1281 cui
626 1211 738 1280 verbis
752 1232 833 1295 pax
852 1201 1302 1289 runcinatum-paucis
1319 1201 1451 1268 diebus.
1471 1205 1552 1269 ride
1571 1225 1672 1292 supra
1693 1229 1721 1270 c.
1746 1229 1793 1271 tt.

392 1326 537 1391 intento
558 1329 670 1403 atque
689 1312 823 1406 inserto
846 1309 1020 1379 exercitu.
1042 1331 1140 1395 cum,
1160 1311 1254 1393 quod
1275 1310 1438 1374 nonnulli
1457 1309 1543 1372 libri
1561 1314 1703 1396 addunt,
1721 1333 1793 1378 ree-

393 1431 461 1494 tius
491 1426 677 1503 omittitur,
709 1431 748 1485 ut
774 1419 867 1485 enim
894 1417 960 1480 Sal.
991 1415 1114 1499 sepius
1142 1412 1401 1500 prepositiones
1421 1413 1532 1498 addit,
1562 1416 1624 1479 ubi
1649 1419 1693 1480 ab
1712 1417 1793 1482 aliis

394 1533 616 1616 omittuntur,
645 1531 695 1592 ita
722 1527 803 1591 aliis
828 1524 914 1590 locis
942 1533 1061 1588 contra
1079 1523 1256 1610 vulgarem
1276 1541 1376 1585 usum
1395 1519 1580 1606 loquendi,
1608 1541 1664 1586 eas
1682 1522 1793 1608 delet,

393 1641 490 1722 quod
510 1657 582 1702 non
602 1634 730 1700 mirum
752 1643 785 1696 te
804 1629 962 1714 habehit,
992 1630 1023 1693 si
1042 1629 1266 1715 reputaveris,
1299 1648 1404 1711 quam
1423 1627 1563 1692 insolita
1588 1628 1660 1706 ejus
1679 1630 1792 1694 oratio
1878 1662 1881 1668 ,

392 1744 447 1809 sit.
467 1742 548 1808 vide
567 1759 669 1824 supra
690 1759 761 1822 cap.
772 1738 823 1804 38.
843 1731 1080 1799 multitudine
1099 1729 1345 1819 circumvenit,
1363 1741 1398 1798 et
1424 1733 1586 1797 Ruddim.
1602 1734 1641 1797 G.
1655 1737 1691 1797 Ι.
1708 1737 1794 1799 lnst.

394 1865 423 1912 a.
441 1871 475 1933 p.
494 1850 566 1912 336.
585 1843 749 1910 intentus
768 1841 897 1906 dicitur
916 1840 1100 1923 exercitus,
1120 1837 1183 1922 qui
1202 1857 1274 1902 non
1294 1847 1345 1903 est
1362 1838 1540 1925 remissus,
1558 1841 1618 1904 sed
1637 1839 1794 1904 animum

393 1955 438 2018 ad
468 1973 522 2017 res
548 1949 690 2014 bellicas
710 1947 880 2010 intentum
900 1945 1014 2007 habet.
1034 1943 1095 2007 cfr.
1114 1945 1187 2008 liv.
1209 1959 1258 2020 ²4.
1274 1946 1325 2008 35.
1352 1952 1386 2009 et
1405 1944 1496 2009 infra
1515 1966 1543 2010 c.
1562 1960 1613 2026 99.
1632 1947 1680 2026 ⁵7·
1702 1941 1793 2033 inse·

392 2066 472 2123 atur
492 2066 554 2134 est¹
576 2055 639 2140 qui
658 2039 775 2118 animo
796 2052 917 2118 hostili
936 2050 975 2113 in
994 2052 1110 2113 hostes
1128 2047 1251 2133 fertur,
1271 2057 1305 2114 et
1324 2048 1477 2113 hostium
1498 2070 1594 2114 more
1613 2049 1695 2135 agit.
1713 2053 1792 2113 Tac.

393 2165 483 2230 Anu.
500 2185 526 2226 ι.
542 2164 592 2242 69.
612 2155 746 2249 infesta
768 2158 914 2248 agmine
934 2152 1077 2221 Gallias
1090 2163 1225 2241 petere.
1256 2155 1318 2221 cfr.
1337 2158 1382 2220 ad
1401 2158 1470 2219 Cat.
1489 2159 1536 2222 ι5.
1548 2164 1582 2220 et
1599 2175 1647 2236 ¹9·
1670 2164 1703 2220 et
1722 2159 1793 2220 No·

395 2266 495 2334 nium
514 2265 567 2330 ihi
586 2266 763 2329 laudatum
783 2286 810 2326 ι.
830 2265 899 2326 955.
920 2262 1010 2326 Gell.
1026 2284 1056 2344 9.
1077 2277 1126 2330 ra.
1146 2257 1232 2327 belli
1238 2257 1393 2352 saniem.
1411 2260 1596 2346 saepissime
1616 2263 1709 2345 apud
1728 2263 1795 2324 Ta-

395 2373 502 2436 citum
522 2369 681 2437 occurrit.
702 2367 844 2434 osncat.
857 2372 908 2431 31.
927 2376 962 2433 et
980 2367 1134 2450 inira7d.
1154 2365 1193 2431 in
1214 2365 1315 2457 agris
1336 2375 1453 2460 erant.
1472 2369 1616 2432 verbum
1629 2385 1697 2430 om.
1712 2369 1794 2432 Cor·

394 2478 480 2556 tius,
500 2487 619 2542 contra
639 2475 797 2542 omnium
815 2473 986 2538 librorum
1005 2476 1252 2540 auctoritatem.
1270 2471 1486 2558 mapalibus.
1503 2473 1585 2538 ride
1599 2494 1702 2560 supra
1721 2491 1794 2559 cap.

397 2581 718 2666 rependebant.
739 2581 907 2645 ridiculus
926 2589 976 2645 est
996 2581 1171 2664 Gruterus,
1191 2580 1252 2662 qui
1266 2580 1717 2666 procedebantsuspecturn
1730 2581 1794 2645 ha·

394 2687 490 2771 buit,
510 2689 605 2768 quod
622 2687 726 2770 paulo
746 2687 993 2771 antepositum
1014 2684 1139 2764 luerat3
1160 2686 1258 2768 quasi
1280 2686 1318 2748 id
1338 2704 1410 2749 non
1430 2685 1475 2750 sit
1493 2687 1638 2752 salustio
1657 2685 1794 2771 propri·

395 2815 473 2878 um,
493 2802 533 2857 ut
551 2795 727 2858 rhetorum
748 2793 846 2857 illam
867 2791 1089 2878 elegantiam,
1108 2791 1272 2857 varietate
1295 2795 1477 2858 verborum
1499 2793 1689 2860 orationem
1710 2792 1796 2856 illu·

394 2899 537 2984 strandi,
561 2899 707 2964 consilio
736 2899 908 2986 negligat,
927 2899 1118 2982 iisdemque
1145 2899 1259 2964 verbis
1285 2899 1409 2984 septus
1427 2909 1552 2964 utatur.
1566 2897 1702 2984 parati
1717 2919 1795 2964 cum

396 3005 459 3074 inf.
481 3005 738 3071 ridelluddim.
756 3023 786 3070 a.
805 3027 839 3090 p.
863 3007 932 3068 225.
958 3005 1165 3069 constructio
1193 3007 1267 3070 haec
1296 3006 1526 3071 usitatissima.
1553 3013 1794 3071 commeatum

388 3121 558 3196 portare.
578 3113 711 3176 eortius
731 3113 798 3175 hoc
816 3110 960 3196 proprio
986 3129 1085 3174 sensu
1104 3109 1287 3196 intelligit,
1310 3111 1439 3176 scilicet
1459 3131 1517 3176 eos
1535 3119 1671 3195 paratos
1690 3110 1796 3175 fuisse

391 3223 492 3301 putat
511 3216 721 3281 frumentum
740 3224 895 3300 portare,
913 3224 952 3278 ut
972 3225 1005 3280 et
1026 3215 1153 3280 milites
1173 3225 1207 3280 et
1220 3216 1377 3296 jumenta
1397 3237 1502 3282 onere
1517 3224 1680 3282 levarent.
1700 3217 1795 3299 quod

395 3322 427 3387 si
447 3330 565 3388 auctor
585 3321 779 3409 significare
797 3322 926 3406 voluit,
957 3321 1070 3386 dicere
1089 3331 1238 3408 poterat,
1248 3319 1483 3411 frumentum
1504 3324 1593 3387 dare
1612 3331 1648 3388 et
1662 3329 1796 3407 porta·

397 3447 447 3490 re.
466 3431 526 3492 sed
546 3435 786 3492 commeatum
803 3435 961 3513 portare
981 3437 1032 3492 est
1055 3427 1093 3493 in
1120 3437 1212 3494 certa
1230 3429 1305 3494 loca
1329 3431 1372 3494 ab
1398 3429 1603 3514 imperatore
1617 3429 1795 3512 designata

398 3529 541 3596 deferre.
560 3532 640 3595 vide
659 3531 750 3596 infra
773 3553 846 3616 cap.
867 3537 917 3614 75.
937 3556 1045 3618 quam
1061 3531 1263 3617 plurimum
1285 3534 1436 3618 quisque
1463 3555 1582 3615 aquae
1601 3541 1794 3618 portaret,

399 3631 491 3701 diem
505 3637 697 3718 locumque
717 3632 780 3701 ubi
792 3649 946 3721 praesta
956 3635 1119 3730 suerint,
1133 3635 1532 3722 praedicit.'-munito
1554 3637 1699 3730 agmine
1718 3637 1742 3702 i.
1764 3655 1795 3702 e.

397 3741 536 3826 agmine
555 3742 740 3825 quadrato,
761 3762 830 3823 quo
851 3753 970 3808 contra
991 3764 1109 3810 omnes
1128 3743 1278 3809 hostium
1299 3742 1445 3827 impetus
1466 3744 1573 3809 tutior
1591 3753 1686 3810 esset.
1714 3743 1796 3808 vide

398 3843 490 3908 intra
508 3867 580 3929 cap.
593 3850 644 3928 39.
665 3855 699 3910 et
715 3865 817 3931 supra
828 3853 878 3915 33.
899 3859 1049 3914 ceterum
1070 3849 1212 3914 mnnita
1232 3851 1377 3936 agmine
1397 3851 1440 3912 ab
1454 3850 1525 3915 alio
1542 3852 1707 3934 scriptore
1721 3849 1796 3913 dic·

398 3959 474 4016 tum
503 3969 573 4014 esse
591 3950 723 4017 dubito.
743 3951 914 4018 ostentui.
934 3954 1064 4018 scilicet
1084 3977 1166 4040 esse,
1183 3956 1277 4037 quod
1298 3953 1483 4021 deteriores
1501 3956 1585 4019 libri
1605 3962 1797 4040 apponunt.

398 4056 497 4144 signa
518 4054 583 4118 illa
609 4055 798 4123 deditionis
818 4059 855 4122 in
875 4057 1024 4142 speciem
1044 4057 1230 4146 composita
1250 4079 1321 4126 esse
1340 4063 1490 4146 putavit,
1522 4071 1561 4126 ut
1580 4061 1619 4124 in
1639 4061 1796 4125 fraudem

399 4153 600 4228 illiceretur.
619 4167 769 4227 ceterum
784 4163 946 4244 'quamvis
956 4163 1185 4230 simulationis
1197 4165 1293 4230 notio
1305 4164 1387 4229 huic
1399 4168 1504 4234 verbo
1526 4167 1625 4243 inest,
1642 4168 1796 4232 utetiam

401 4271 506 4335 verbo
527 4270 779 4356 frequentativo
799 4279 987 4340 ostentare
1006 4279 1040 4340 et
1069 4267 1286 4357 ostentatio,
1324 4279 1438 4341 tamen
1470 4273 1528 4339 vix
1561 4277 1655 4360 apud
1681 4273 1796 4338 ullum
