4116 4970
1633 401 1703 490 85.

271 609 364 671 Orat.
383 629 410 673 t.
427 615 478 688 43.
499 610 559 673 sed
579 609 614 670 h.
632 605 657 674 l.
679 613 758 670 sunt
779 624 856 688 quse
876 607 971 671 haud
992 611 1126 672 remota
1145 611 1245 692 sunt,·
1264 624 1340 688 que
1357 603 1459 671 facile
1479 605 1677 689 assequaris.

231 731 235 738 ·
267 713 346 798 En,
365 712 442 799 itta,
454 714 533 794 illa,
554 711 831 777 harclectionem
853 713 1032 776 confirmat
1046 713 1137 776 Med.
1151 733 1198 776 11.
1214 720 1247 776 et
1259 714 1335 776 Vnt.
1349 729 1379 775 a.
1399 711 1535 778 decani.
1547 730 1576 774 e.
1588 711 1677 794 laus,

268 818 426 903 dignitas.
459 819 527 883 Ciu.
550 815 645 884 offic.
668 821 769 896 1.34;
801 812 962 891 civitatis
984 818 1092 882 decus
1112 826 1149 882 et
1167 817 1389 882 honestatem
1400 810 1605 904 festinare,
1632 814 1676 879 de

272 925 348 986 Nat.
364 925 466 988 Deor.
479 939 544 1001 nt.
562 919 692 1010 magni
699 915 851 985 interest
860 923 912 986 ad
928 923 1036 986 decus
1057 930 1093 986 et
1113 920 1166 985 ad
1183 922 1326 985 laudem
1348 915 1518 984 civitatis.
1540 917 1600 982 cir.
1613 909 1675 982 Ju-
1764 931 1767 938 '

265 1029 392 1111 gurtha
412 1046 441 1107 4.
466 1022 659 1113 potentiae
683 1045 896 1110 paucorum
924 1026 1033 1091 decus
1053 1033 1167 1108 atque
1184 1023 1392 1090 libertatem
1405 1043 1510 1114 suam
1527 1019 1676 1114 gratffi·

266 1152 359 1194 narr.

346 1233 483 1302 Omnia
503 1255 558 1298 ea.
575 1251 768 1319 pronomen
789 1235 980 1300 omiserunt
1000 1234 1192 1300 erlralicts
1210 1233 1317 1300 libris
1343 1236 1428 1302 Ven.
1446 1217 1477 1303 i.
1494 1234 1567 1300 Vnt
1590 1252 1616 1294 t.
1639 1253 1667 1294 r.

263 1341 360 1404 Barb.
374 1357 403 1416 4.
424 1339 514 1414 Flos.
527 1340 556 1402 8.
578 1361 622 1405 ea
642 1334 768 1405 omnia
788 1341 878 1406 Flor.
897 1361 924 1404 ι.
961 1344 1021 1407 ned
1042 1341 1200 1425 quamvis
1219 1339 1258 1406 in
1280 1340 1419 1423 aliquot
1441 1336 1550 1403 contii
1568 1336 1671 1401 libris

262 1447 406 1508 eandem
426 1442 625 1524 ranetatem
645 1444 817 1530 invenias,
837 1452 952 1510 tamen
971 1467 1164 1533 pronomen
1184 1446 1404 1511 retinendum
1423 1450 1519 1529 puto.
1539 1441 1665 1525 quodsi

261 1549 354 1611 enim
382 1568 422 1612 ea
449 1549 627 1634 scriptoris
667 1569 765 1615 mens
785 1559 893 1636 esset,
923 1571 1029 1634 quom
1051 1552 1186 1617 (lortius
1215 1551 1351 1636 statuit,
1371 1549 1458 1636 (qui
1477 1547 1614 1612 Livium
1636 1548 1664 1609 5.

262 1667 310 1728 24.
332 1653 477 1718 laudas:
499 1649 818 1744 amalasuntam,
840 1651 1000 1723 vaurum
1022 1678 1110 1742 esse,
1135 1665 1170 1726 et
1189 1655 1345 1720 Curtium
1362 1659 1392 1718 3.
1413 1673 1462 1718 ιο.
1481 1655 1518 1734 ⁵3
1540 1645 1665 1717 omnia

261 1753 419 1822 viatoria
434 1755 595 1845 parari)
626 1759 696 1823 elia
716 1779 787 1826 esse
816 1762 963 1827 debebat
980 1763 1166 1828 verborum
1187 1760 1401 1846 compositio.
1428 1777 1456 1824 e.
1476 1777 1527 1844 gr.
1549 1751 1664 1820 victo·

146 1867 152 1888 ⁸
264 1859 511 1927 ribusomnia
525 1859 697 1946 praemia
722 1857 912 1952 fortunae
935 1863 1075 1953 posuit.
1102 1868 1163 1932 sed
1183 1887 1225 1932 ex
1244 1885 1301 1951 eo,
1321 1862 1569 1947 quinniens,
1587 1877 1665 1924 ver-

257 1965 382 2030 borum
415 1967 540 2033 ordine
570 1965 674 2033 facile
699 1967 886 2054 perspicias
910 1971 984 2038 hee
1011 1971 1118 2037 rerba
1143 1970 1360 2056 potissimum
1385 1969 1431 2032 nd
1456 1965 1661 2031 anteceden-

257 2071 306 2134 tia
324 2071 363 2134 in
385 2067 504 2136 oculis
532 2069 607 2136 sita
618 2081 725 2158 sunt,·
744 2074 929 2158 pertinere.
948 2096 1141 2159 pronomen
1159 2076 1265 2160 igitur
1278 2072 1497 2137 retinendum
1510 2075 1544 2132 et
1552 2083 1663 2150 prae·

258 2172 372 2238 mium
394 2175 466 2253 ejus
485 2175 681 2258 appositum
706 2181 903 2261 putandum
915 2185 976 2243 est.
997 2175 1153 2244 utemini
1172 2181 1263 2244 Med.
1284 2193 1331 2239 ιο.
1344 2179 1458 2240 Vana.
1471 2195 1499 2238 1.
1520 2172 1609 2235 Flor.
1629 2189 1660 2247 9.

255 2299 399 2344 mea-
417 2299 476 2343 vos
495 2278 610 2343 iuliis
628 2280 742 2343 verbis
761 2279 920 2345 delendis
940 2293 1066 2348 temere
1086 2291 1119 2348 et
1144 2279 1398 2346 inconsidemte
1417 2277 1488 2365 egit
1507 2272 1660 2358 Cottius:

256 2389 296 2446 ut
315 2384 439 2468 saepius
461 2381 510 2446 ita
530 2384 694 2448 hocloco
713 2383 899 2450 Salustium
920 2387 1040 2452 statuit
1066 2388 1260 2453 orationem
1285 2385 1383 2452 omni
1402 2382 1562 2464 {oratorio
1593 2399 1660 2442 nu·

252 2507 350 2552 mero
371 2489 543 2577 neglecto,
575 2491 620 2552 nd
649 2490 850 2555 brevitatem
878 2493 992 2558 solum
1013 2492 1253 2558 conformasse.
1293 2511 1364 2573 quo
1391 2489 1526 2574 posito,
1542 2481 1660 2549 rerba

253 2613 357 2676 quam
378 2579 503 2662 oratio
525 2594 636 2658 multo
657 2593 919 2661 convenientius
940 2604 1030 2676 erat,
1062 2617 1139 2661 una
1159 2597 1253 2680 quod
1273 2595 1376 2682 pauci
1394 2596 1429 2656 Ο.
1464 2589 1658 2666 corune-

152 2779 154 2786 .
251 2697 342 2776 lent,
364 2689 553 2764 ceterorum
574 2681 778 2767 auctoritute
798 2700 880 2766 satis
900 2699 1108 2768 defenditur.
1126 2709 1260 2786 poterat
1280 2701 1421 2784 quidem
1442 2695 1575 2773 omitti3
1595 2694 1655 2757 sed

250 2804 406 2868 edditmn
427 2814 466 2869 ut
486 2807 578 2890 apud
596 2805 797 2873 Terentium
816 2807 963 2892 Adelph.
985 2811 1035 2884 43.
1059 2829 1102 2889 73
1131 2825 1264 2889 quaeso
1291 2811 1334 2868 at
1353 2823 1428 2867 una
1447 2816 1586 2864 mecum
1600 2795 1660 2868 ‚ad

251 2917 407 2974 matrem
429 2903 581 2998 virginis
601 2930 672 2973 eas.
695 2909 756 2973 cfr.
777 2911 887 2972 Plaut.
908 2910 1058 2973 Mostell.
1086 2927 1117 2973 n.
1140 2913 1171 2974 3.
1195 2915 1246 2985 43.
1277 2908 1449 2972 imeeum
1471 2901 1648 2970 obsecro.

252 3009 452 3076 unanima!
458 3010 555 3077 -m'
573 3010 718 3078 animus
726 3007 838 3106 sorte
846 3007 970 3102 fallit.
992 3015 1083 3078 Med.
1104 3032 1134 3076 n.
1157 3005 1351 3100 nuisorte
1370 3005 1516 3073 animus
1525 3000 1651 3095 saliit.

249 3117 340 3180 Med.
359 3119 387 3178 ti.
408 3116 499 3183 Flor.
520 3119 549 3178 s.
589 3139 666 3181 cum
690 3128 857 3202 praeteren
885 3117 1036 3201 optimus
1064 3135 1105 3180 ex
1123 3115 1296 3180 Cottianis
1315 3115 1461 3177 accedat.
1482 3107 1595 3208 Guelf.
1617 3109 1647 3178 5.

246 3218 287 3282 in
306 3218 386 3282 aliis
404 3238 486 3284 vero
506 3239 700 3304 pronomen
721 3224 836 3287 sedem
856 3228 984 3307 mutat,
1004 3229 1094 3286 recte
1115 3219 1266 3285 nGortio
1285 3216 1448 3284 omissum
1466 3235 1539 3280 esse
1550 3213 1650 3278 vide-

196 3369 199 3374 ·
247 3329 320 3409 tur,
340 3339 419 3388 narn
440 3323 598 3407 sequenti
619 3346 679 3392 vos
698 3345 770 3391 non
790 3332 840 3391 est
859 3325 1078 3412 oppositum,
1096 3333 1136 3389 ut
1155 3323 1336 3404 nonnullis
1352 3323 1465 3387 risum
1486 3328 1547 3388 est.
1585 3319 1645 3382 ted

246 3429 341 3494 idem
377 3426 495 3518 magis
520 3437 639 3494 contre
667 3431 825 3495 omnium
845 3433 953 3506 codd,
970 3417 1209 3496 ‘auctoritatem
1236 3429 1375 3496 delevit.
1406 3430 1563 3492 Ceterum
1579 3431 1649 3488 -to-

247 3534 315 3599 tius
335 3533 503 3600 orationis
523 3536 807 3620 compositionem
827 3535 1083 3622 quindenium,
1103 3534 1205 3602 lacile
1225 3545 1275 3602 est
1294 3533 1487 3616 intellectu,
1516 3533 1645 3614 quanta

248 3659 326 3702 eum
344 3634 418 3704 sr'te
438 3639 619 3725 ingenium
639 3649 674 3706 et
694 3660 807 3707 mores
826 3641 982 3707 Cutilinae
997 3651 1117 3706 auctor
1143 3638 1353 3726 expresserit.
1376 3636 1467 3701 bene
1486 3630 1641 3718 Quinctil

246 3747 277 3816 ³.
296 3743 324 3806 e.
359 3744 548 3819 «Catilina
573 3748 667 3830 apud
685 3745 871 3809 Salustium
891 3745 1063 3829 loquitur,
1085 3753 1124 3807 nt
1143 3764 1215 3809 rem
1234 3739 1544 3816 sceleratissimam,
1570 3753 1641 3799 non

245 3847 380 3912 malitia
406 3851 465 3912 sed
485 3849 726 3936 indignatione
744 3851 904 3915 rideatur
921 3846 1090 3913 audere.”
1189 3847 1194 3852 ’
1371 3926 1374 3932 .

218 3983 222 3990 ·
325 3955 407 4038 Cap.
423 3953 510 4018 XXI.
551 3955 652 4018 mala
672 3954 815 4018 abunde
834 3949 969 4020 omnia.
988 3952 1051 4024 cfr.
1074 3952 1152 4038 Jug.
1173 3969 1246 4037 cap,
1267 3954 1317 4028 64.
1350 3945 1413 4014 rui
1430 3945 1544 4015 virtus
1558 3951 1643 4038 glo·

244 4051 305 4118 ria
325 4065 436 4138 atque
455 4057 533 4124 alia
554 4058 718 4141 optanda
744 4056 849 4126 bonis
881 4056 1114 4142 superabunt.
1153 4093 1196 4110 -··
1232 4057 1333 4121 mata
1359 4052 1488 4139 quibus
1515 4050 1641 4122 omnin

244 4168 362 4226 aaut.
383 4159 519 4226 etone.
538 4161 680 4227 abunde
709 4168 842 4230 onusso.
863 4163 994 4228 scilicet
1014 4143 1185 4248 eopiosius
1212 4171 1247 4227 et
1271 4159 1502 4225 abundantius
1520 4159 1635 4222 Salus·
1687 4214 1692 4223 .

244 4263 313 4330 tius
345 4264 492 4330 librario
512 4267 611 4349 loqui
630 4267 722 4334 risus
741 4279 814 4353 est,
841 4271 901 4338 sed
922 4269 1069 4335 oonsilio
1095 4277 1215 4350 suntor
1237 4267 1380 4334 alaude
1397 4265 1570 4352 apposuit,
1599 4269 1639 4325 ut
