4116 4970
1671 403 1693 474 5

284 596 557 680 Latinarumque
578 598 756 663 literarum
780 594 979 662 doctoribus
1000 611 1081 656 usus
1096 591 1215 676 fuerit,
1236 592 1403 658 incertum
1422 604 1492 675 est3
1512 601 1570 660 sed
1586 601 1658 678 jam
1673 623 1694 666 a

284 703 432 787 pueritia
457 704 587 766 artibus
602 705 804 768 liberalibus
824 723 903 766 eum
926 719 1064 782 operam
1085 697 1219 758 dedisse
1245 697 1345 762 facile
1368 700 1572 786 credideris,
1601 709 1694 784 quod

280 805 418 883 juvenis
456 810 642 870 admodum
671 808 823 871 historia
853 805 1041 869 scribendae
1067 802 1251 864 consilium
1282 804 1382 885 cepit.
1417 805 1462 888 5.)
1498 807 1563 868 Sed
1584 809 1613 870 si
1635 812 1696 874 de·

289 910 508 978 clamationis
522 915 560 977 in
580 933 655 976 eum
671 911 804 993 scriptae
825 907 957 972 auctori
978 907 1062 968 fides
1074 907 1249 987 habenda,
1265 907 1336 982 jam
1353 910 1626 974 adolescentulus
1641 915 1696 976 lu-

290 1019 396 1083 xuriae
418 1040 458 1081 ac
479 1017 687 1082 libidinibus
706 1015 842 1078 deditus
860 1009 936 1074 fuit.
956 1009 1004 1092 6.)
1038 1009 1150 1089 Aqua
1170 1008 1392 1091 turpitudinis
1410 1023 1494 1075 nota
1515 1035 1587 1078 non
1611 1018 1700 1082 alie-

286 1240 390 1325 τέλος.
433 1245 845 1310 cusamrasathaim.
873 1243 933 1306 au.
948 1243 1026 1304 rm.
1047 1241 1143 1304 rom.
1158 1240 1185 1303 1.
1201 1261 1234 1325 p.
1248 1246 1317 1324 ²³7·

369 1357 499 1416 Eodem
519 1355 623 1415 modo
640 1351 824 1434 inscriptio
844 1349 961 1411 Graeca
976 1350 1119 1430 Ancyrae
1141 1356 1276 1429 reperta
1295 1367 1348 1430 ap.
1364 1349 1486 1410 Mutat.
1502 1370 1535 1431 p.
1558 1347 1647 1440 ᾡς.
1669 1370 1698 1429 9.

294 1459 370 1520 lam
385 1458 601 1538 eumantiqui
621 1456 769 1521 Romani
789 1462 1014 1517 consonantes
1025 1472 1096 1514 non
1110 1449 1325 1536 geminarent
1344 1451 1426 1535 (cir.
1439 1453 1585 1534 Quintil.
1602 1457 1705 1516 lustu?

290 1565 443 1625 libetur.
459 1583 489 1642 7.
511 1577 556 1638 1¹4.
578 1560 826 1635 ..semivocales
853 1575 924 1621 non
948 1558 1123 1642 geminare
1145 1555 1207 1618 diu
1226 1555 1293 1618 fuit
1315 1556 1527 1618 usitatissimi
1542 1558 1703 1639 moris’')

290 1665 384 1729 idem
404 1666 577 1729 scribendi
601 1685 708 1752 genus
717 1665 889 1746 Salustio,
907 1662 1122 1743 antiquitatis
1146 1660 1381 1724 amantissimo
1402 1706 1410 1736 ,
1432 1683 1534 1743 quam
1552 1665 1698 1726 maxime

292 1780 558 1835 consentaneum
577 1781 646 1850 est;
666 1789 747 1832 nam
765 1769 856 1852 apud
866 1769 1012 1831 eundem
1026 1766 1157 1848 ubique
1168 1785 1280 1828 eausa
1286 1769 1454 1848 paulum,
1476 1766 1580 1829 belua
1595 1769 1699 1851 scrip-

291 1883 376 1938 tum.
391 1875 456 1937 Ctr.
466 1875 624 1939 Schneid.
639 1879 681 1938 de
689 1876 833 1937 Elemm.
845 1875 883 1934 L.
891 1875 927 1933 L.
936 1895 969 1955 p.
983 1877 1053 1951 394.
1062 1891 1110 1951 sq.
1122 1880 1155 1934 et
1167 1892 1201 1953 p.
1211 1872 1281 1950 398.
1311 1871 1421 1933 Etiam
1438 1872 1572 1935 Curtius
1588 1877 1631 1936 de
1644 1893 1702 1957 ge·
1730 1861 1732 1864 ¹

292 1981 748 2044 minatissemivocalibusad
755 1981 854 2043 Catil.
870 2001 917 2060 17.
933 1985 962 2042 3.
972 1979 1034 2042 illa
1043 1977 1183 2057 quidem
1193 1975 1442 2059 vetustissimis,
1455 1979 1528 2040 haec
1542 1977 1629 2059 (scil.
1643 1997 1703 2060 ge-

293 2086 432 2148 minatae
459 2085 590 2167 literae)
621 2087 870 2150 recentioribus
890 2085 1024 2146 usitata.
1059 2083 1155 2165 Quid
1168 2081 1261 2159 quod
1287 2079 1514 2161 etymologia,
1534 2089 1573 2140 ut
1599 2079 1701 2141 etiam

293 2191 382 2250 hanc
407 2198 515 2250 artem
541 2193 585 2250 ad
613 2201 726 2270 partes
747 2209 923 2271 vocemus,
951 2189 1043 2249 idem
1071 2188 1194 2248 docere
1217 2181 1382 2244 videtur?
1413 2185 1498 2242 Nam
1522 2181 1703 2245 Salustius

293 2293 389 2353 baud
413 2291 517 2352 dubie
549 2311 571 2351 a
590 2287 690 2352 salus
716 2290 966 2368 derivandum,
987 2293 1025 2345 ut
1043 2282 1195 2349 Rustius
1216 2304 1237 2346 a
1261 2303 1334 2345 rus.
1356 2285 1513 2347 Ceterum
1539 2286 1642 2348 etiam
1665 2287 1703 2348 in

295 2389 373 2457 aliis
392 2393 551 2476 vocibus,
571 2413 647 2474 quae
666 2393 814 2457 Salustio
829 2392 1015 2455 simillima
1038 2399 1134 2475 sunt,
1158 2390 1326 2473 scriptura
1342 2389 1493 2452 fluctuat.
1508 2388 1567 2452 cfr.
1585 2387 1705 2454 Salius

298 2505 332 2560 et
351 2494 484 2560 Sollius
502 2499 563 2578 Ap.
582 2499 706 2558 Murat.
729 2498 837 2560 lndic.
854 2501 1016 2576 Thesaur.
1037 2497 1206 2577 Inscriptt.

375 2601 420 2682 3.)
440 2601 549 2662 Testis
562 2601 726 2664 Eusebius
741 2602 937 2664 chronicon
959 2605 1003 2662 ad
1023 2620 1151 2663 annum
1172 2597 1482 2661 MDCCCCXXXI.:
1502 2584 1704 2678 Σαλούστιος

294 2691 458 2794 ‘iperii-921
488 2697 674 2782 καλάνδαις
706 2699 908 2800 ὀκτωβρίων.
958 2717 991 2768 et
1019 2705 1205 2788 interprete
1232 2705 1479 2787 Hieronymo:
1513 2705 1707 2778 ..Salustius

301 2813 437 2894 Crispus
462 2813 606 2895 scriptor
639 2811 822 2874 historicus
849 2813 887 2874 iu
914 2812 1050 2874 Sabinis
1079 2809 1244 2872 Amiterni
1275 2809 1444 2890 nascitur,
1474 2809 1705 2892 Anonymus:

298 2919 329 2994 ἐν
366 2909 586 3017 ὀλυμπιάδων
612 2912 820 3014 α’ναγράφῃ·
851 2908 990 3000 Σύλλας
1015 2911 1078 3000 τοὶς
1111 2905 1250 3004 Α’θῆνοιςΙ
1273 2905 1530 3012 iterandum
1562 2939 1706 3015 Κρισπνς

308 3024 507 3113 {absumunt
531 3021 700 3126 ἐγεννήθη.
739 3038 798 3099 cir.
821 3037 941 3099 Fabric
961 3037 1049 3099 Bibl.
1066 3039 1140 3100 Lat.
1158 3037 1181 3096 1.
1191 3037 1213 3100 1.

380 3143 597 3204 Amiternum
614 3143 708 3202 haud
727 3142 848 3224 procul
870 3141 965 3204 sonte
984 3140 1104 3202 Aterni
1126 3139 1237 3223 lluvii,
1260 3140 1322 3220 qui
1336 3162 1429 3203 nunc
1456 3141 1597 3204 Pesoara
1622 3141 1707 3203 diei-

301 3260 376 3332 tur,
396 3248 581 3309 situmesse
597 3245 774 3308 Cluverius
794 3248 903 3307 docet.
934 3247 974 3306 In
992 3244 1112 3328 ruinis,
1132 3265 1208 3326 quae
1228 3245 1416 3308 etiamnum
1443 3257 1588 3329 exstant,
1610 3245 1646 3307 in
1662 3246 1710 3308 si-

304 3356 410 3415 nistra
429 3352 539 3414 amnis
557 3351 648 3435 ripa,
676 3369 783 3434 prope
806 3349 1037 3434 oppidulum,
1053 3350 1108 3411 cui
1136 3371 1228 3413 nunc
1253 3372 1380 3414 nomen
1404 3353 1436 3412 S.
1456 3351 1643 3434 Vittorino,
1670 3352 1709 3416 V.

304 3460 352 3520 Cl.
374 3457 486 3520 Amati
507 3456 595 3517 mibi
619 3475 683 3538 pro
702 3466 794 3518 certo
814 3452 1010 3538 affirmavit,
1030 3474 1065 3517 se
1084 3475 1215 3518 nomeu
1237 3456 1377 3517 Salustii
1399 3455 1530 3540 legisse.

385 3562 429 3643 4.)
453 3563 602 3622 Fuerunt
625 3560 686 3641 qui
712 3581 791 3624 eum
808 3559 953 3644 patricio
971 3580 1096 3644 genere
1109 3569 1228 3621 natum
1251 3569 1321 3624 css'e
1339 3571 1512 3644 putarent,
1534 3563 1627 3642 quod
1641 3561 1709 3622 Dio

306 3665 438 3728 Cassius
465 3686 543 3728 eum
567 3660 630 3732 τῶν
653 3651 743 3732 qiuari
769 3653 917 3754 γενναίων
943 3663 1046 3726 fuisse
1066 3665 1160 3726 dicit.
1185 3665 1261 3725 Lib.
1276 3681 1325 3740 νο.
1346 3669 1482 3747 cap.63.
1503 3669 1632 3726 Locum
1653 3663 1710 3724 in-

309 3767 362 3830 fra
379 3770 538 3832 laudabo.
564 3771 630 3832 Sed
653 3770 756 3831 etiam
776 3769 903 3851 plebeji
923 3769 1081 3830 homines
1097 3767 1231 3828 nobiles
1253 3767 1401 3829 suerunt.
1427 3769 1612 3830 Salustium
1628 3787 1710 3833 vero

309 3893 349 3935 ex
371 3895 490 3938 corum
513 3893 656 3941 numero
670 3872 791 3956 luisse,
811 3893 881 3934 non
898 3871 1023 3932 adduci
1045 3890 1184 3952 possum
1203 3880 1241 3932 ut
1264 3882 1392 3954 putem.
1422 3874 1506 3934 Cum
1526 3875 1619 3936 enim
1640 3875 1712 3953 ejus

309 3977 454 4054 majores
474 3978 690 4039 domicilium
708 3976 873 4040 Amiterni
896 3975 1077 4058 haberent,
1098 3995 1247 4038 summos
1271 3977 1419 4038 honores
1431 3997 1501 4038 non
1514 3979 1630 4060 adepti
1642 3999 1712 4064 esse

311 4080 477 4143 videntur.
506 4085 622 4160 Neque
643 4082 868 4144 Salustiorum
891 4099 1017 4158 nomen
1033 4079 1073 4140 in
1095 4079 1189 4142 fastis
1212 4079 1455 4144 Consularibus
1480 4082 1619 4166 legitur.
1650 4086 1712 4142 Ae-

313 4185 402 4248 cedit
420 4188 513 4264 quod
531 4185 602 4263 ejus
621 4195 780 4269 nepotem
797 4185 934 4248 Tacitus
959 4183 1107 4263 equestri
1131 4185 1208 4246 loco
1230 4194 1344 4247 ortum
1369 4186 1463 4248 dicit.
1494 4189 1581 4248 Ann.
1607 4189 1637 4247 3.
1662 4190 1712 4249 so.

302 4348 307 4357 ,
400 4287 444 4370 5.)
466 4287 533 4351 Cfr.
548 4287 845 4372 praeiat.Catilinoe
863 4311 891 4354 c.
903 4305 933 4366 4,,
953 4291 1017 4388 ¹lip.
1030 4289 1073 4351 ΙΙ.
1093 4289 1138 4350 ad
1153 4287 1232 4352 Caes.
1254 4309 1283 4351 c.
1303 4309 1350 4352 10.
1370 4324 1412 4341 -
1440 4292 1469 4351 6.
1494 4291 1717 4372 Posteaquam
