4116 4970
407 363 462 464 74

412 557 494 633 curri
514 561 582 629 Cn.
601 552 739 626 Pisone
756 546 876 636 socio,
896 574 1012 637 neque
1031 548 1108 617 alio
1128 547 1285 636 nemine,
1306 551 1449 619 caedent
1470 548 1719 639 optimatium,
1738 549 1808 648 sa-

411 689 488 734 cere
509 659 665 732 voluisti.
684 661 745 726 cir.
764 661 834 726 Dio
854 664 941 726 Cass.
963 663 1013 724 36.
1032 681 1082 741 ²7·
1110 661 1248 724 Sueten.
1280 659 1350 723 tul.
1371 679 1444 744 cap.
1465 680 1495 740 9.
1516 667 1549 722 et
1569 659 1644 725 Val.
1669 663 1756 728 Man
1778 664 1807 726 6.

412 797 440 836 a.
457 788 488 848 4.
509 779 543 835 et
561 771 682 834 Asson.
702 767 844 832 Pedian.
866 771 1055 832 Comment.
1075 764 1114 830 in
1135 766 1205 830 Cic.
1225 765 1320 833 Orat.
1347 784 1412 850 pro
1433 765 1468 826 C
1489 765 1663 828 Cornelio.
1682 789 1716 849 p.
1740 783 1809 846 ¹29·
1923 761 1927 768 ’

411 875 531 946 Casus
545 895 688 959 quoque
699 871 800 956 Piso,
820 873 1030 939 adolescens
1042 881 1177 958 potens
1192 879 1228 936 et
1243 869 1493 952 turbulentus,
1505 863 1720 960 familiaris
1732 883 1811 936 erat

411 977 598 1052 Catilinae
617 972 851 1062 omniumque
870 975 950 1069 ejus
968 974 1208 1045 consiliorum
1223 972 1412 1060 particeps
1438 983 1474 1040 et
1500 974 1697 1040 turbarum
1724 997 1810 1042 oue-

410 1082 571 1154 tor-in
581 1079 768 1168 Capitolio
789 1084 873 1148 Kal.
885 1084 978 1150 Jan.
992 1104 1063 1168 quo
1074 1083 1132 1148 die
1146 1084 1302 1151 consules
1316 1089 1389 1144 tum
1398 1081 1563 1165 temporis
1576 1082 1809 1168 magistratum

408 1193 567 1258 ineuntes
592 1199 673 1256 vota
700 1188 842 1274 publica
867 1187 906 1251 in
926 1189 1097 1274 Capitolio
1118 1189 1350 1276 suscipiebant
1378 1187 1438 1253 eir.
1460 1188 1529 1252 Cic.
1548 1186 1588 1251 in
1609 1188 1708 1252 Catil.
1735 1213 1760 1259 r.
1781 1191 1810 1253 6.

410 1299 537 1384 (nemo
557 1297 630 1382 est)
654 1292 720 1380 qui
736 1287 880 1360 n'esciat
900 1302 936 1358 te
956 1295 1050 1380 (scil.
1069 1295 1239 1380 Catilina)
1256 1291 1380 1380 pridie
1397 1295 1481 1362 stat.
1500 1295 1594 1361 Jan.
1613 1289 1751 1378 Lepido
1774 1302 1810 1358 et

415 1407 524 1470 Tullo
537 1405 640 1473 Coss.
651 1399 795 1468 stetisse
808 1399 847 1466 in
868 1397 1019 1466 comitia
1039 1422 1122 1465 cum
1143 1397 1245 1466 telo?
1264 1422 1414 1467 manum
1445 1401 1636 1466 consulum
1654 1408 1690 1464 et
1706 1397 1811 1484 prin·

408 1511 530 1592 elpum
550 1504 711 1572 civitatis
731 1504 1064 1580 interficiendorum
1081 1527 1213 1588 causa,
1225 1501 1502 1591 peractae?-
1520 1506 1565 1572 L.
1577 1507 1705 1572 Aurei.
1720 1505 1811 1573 Cot-

407 1622 460 1684 ta.
483 1613 541 1679 cir.
561 1615 683 1678 Areon.
702 1614 844 1680 Pedian.
865 1597 994 1676 Commi.
1014 1611 1053 1676 in
1073 1611 1139 1676 Cic.
1159 1613 1254 1678 Orat.
1272 1631 1338 1698 pro
1358 1610 1520 1676 Cornelio
1540 1635 1574 1696 p.
1595 1628 1662 1688 124.
1686 1619 1721 1675 et
1742 1615 1810 1673 130·

409 1719 528 1784 Cicero
555 1737 645 1804 sape
672 1718 748 1798 ejus,
770 1717 852 1782 iacit
881 1717 1105 1784 mentionem.
1145 1716 1205 1782 cir.
1231 1717 1381 1792 111111.
1402 1737 1476 1802 cap.
1495 1719 1525 1780 6.
1557 1716 1602 1782 L.
1622 1715 1737 1781 Cotta
1758 1711 1811 1780 vir

407 1843 547 1890 summo
568 1819 715 1912 ingenio
736 1845 949 1908 summaque
963 1818 1181 1907 prudentia,
1199 1822 1308 1888 rebus
1322 1818 1368 1886 iis
1378 1817 1511 1912 gestis,
1531 1841 1621 1904 quas
1635 1829 1676 1884 tu
1690 1841 1812 1906 repre·

407 1925 551 2012 iendis,
569 1923 874 2013 supplicationem
895 1930 1052 1994 decrevit
1079 1926 1191 1994 verbis
1219 1924 1462 2012 amplissimis.
1492 1927 1566 1992 scil.
1586 1925 1746 1990 Ciceroni
1765 1926 1811 1989 ob

410 2033 659 2120 rempublicam
680 2036 770 2100 bene
791 2045 931 2121 gestam.
966 2031 1027 2098 cir.
1048 2034 1106 2096 Or.
1126 2051 1192 2120 pro
1212 2036 1326 2097 Domo
1347 2055 1376 2097 e.
1396 2035 1444 2096 26.
1465 2033 1510 2100 L.
1530 2026 1696 2096 Manlius
1719 2032 1813 2096 Tor·

411 2148 546 2222 quotus
569 2140 629 2204 cir.
651 2141 710 2204 Or.
730 2141 769 2203 in
790 2141 856 2206 Pis.
878 2161 926 2222 ¹9·
967 2141 1029 2206 Ea
1050 2161 1124 2224 quo
1139 2135 1334 2224 provincia
1355 2135 1610 2224 (Macedonia)
1630 2135 1738 2201 modo
1760 2131 1814 2200 sir

410 2243 513 2309 omni
530 2243 713 2335 dignitate
731 2242 1001 2312 ornatissimus.
1021 2247 1065 2315 L.
1086 2249 1315 2330 Torquatus,
1335 2239 1480 2331 magnis
1492 2240 1599 2307 rebus
1609 2237 1740 2331 gestis,
1760 2262 1814 2306 mc

410 2346 592 2437 referente
612 2351 657 2414 ab
676 2359 808 2415 senatu
834 2347 1037 2434 imperator
1063 2361 1119 2416 est
1146 2354 1363 2436 appellatus.
1385 2348 1446 2414 cfr.
1468 2367 1539 2432 cap.
1553 2351 1603 2410 ³1.
1637 2347 1703 2411 ubi
1722 2347 1813 2413 idem

410 2455 569 2518 Pisonem
578 2455 702 2519 adiisse
708 2463 876 2543 narratur,
887 2465 1055 2542 rogatum,
1065 2477 1110 2522 ne
1124 2456 1300 2522 Ciceronis
1306 2455 1461 2520 fortunas
1475 2456 1754 2518 demereantur.
1766 2454 1813 2516 68.

409 2560 573 2642 Elegans
593 2553 631 2618 in
654 2555 833 2638 dicendo,
863 2555 902 2620 in
922 2557 1165 2623 existimando
1187 2560 1383 2624 admodum
1397 2559 1578 2643 prudens,
1609 2566 1691 2623 toto
1709 2579 1814 2647 gene·

411 2682 452 2725 re
466 2658 703 2743 perurbanus
728 2655 866 2722 dicitur
886 2697 927 2712 -
937 2657 1110 2748 fascibus
1139 2659 1329 2745 correptis.
1356 2663 1416 2727 eir.
1437 2665 1575 2754 Sueton.
1602 2663 1671 2726 Jul.
1692 2683 1766 2749 cap,
1782 2684 1813 2746 9.

410 2805 427 2840 a
459 2763 633 2848 siquidem
663 2770 743 2830 ante
771 2783 899 2850 paucos
931 2765 1034 2852 dies,
1069 2787 1174 2850 quam
1204 2767 1418 2833 aedilitatem
1456 2769 1563 2834 iniret
1592 2811 1603 2854 ,
1647 2767 1742 2832 venit
1776 2769 1815 2832 in

412 2870 674 2957 suspicionem,
709 2870 920 2956 conspirasse
951 2893 1030 2936 cum
1069 2875 1116 2939 M.
1151 2872 1271 2940 Crasso
1302 2875 1508 2960 consulari,
1538 2875 1623 2940 item
1653 2877 1692 2938 P.
1721 2875 1815 2939 Sulla

414 2989 448 3045 et
471 2978 676 3063 Autronio,
704 2987 782 3064 post
821 2977 1095 3066 designationem
1130 2981 1326 3044 consulatus
1356 2979 1505 3044 ambitus
1550 2980 1815 3064 condemnatis,

413 3093 451 3148 nt
470 3086 644 3169 principio
677 3084 762 3148 anni
781 3097 937 3150 senatum
965 3085 1204 3172 adorirentur,
1232 3094 1268 3152 et
1296 3085 1506 3170 trucidatis,
1535 3104 1623 3169 quos
1653 3086 1815 3171 placitum

414 3197 527 3271 esset,
553 3189 757 3250 dictaturam
780 3191 916 3254 Crassus
936 3191 1134 3276 invaderet,
1167 3192 1241 3275 ipse
1262 3192 1305 3254 ab
1327 3211 1369 3256 eo
1389 3189 1553 3276 magister
1587 3191 1741 3274 equitum
1762 3191 1817 3254 di-

414 3301 573 3372 ,ceretur3
605 3294 858 3370 constitutaque
878 3295 922 3354 ad
943 3293 1125 3362 arbitrium
1145 3295 1323 3376 republica
1359 3296 1465 3360 Sulla
1479 3305 1512 3360 et
1542 3295 1711 3361 Autronio
1732 3315 1816 3360 eon·

414 3399 543 3461 sulatus
563 3395 808 3459 restitueretur.
819 3393 839 3430 ’'
881 3398 1047 3462 Caesarem
1069 3407 1103 3462 et
1128 3401 1285 3462 Crassum
1306 3399 1490 3466 acerrimos
1509 3411 1543 3466 et
1562 3401 1817 3486 potentissimos

416 3499 594 3564 Ciceronis
615 3495 857 3585 refragatores,
877 3501 1054 3584 ipsiusque
1066 3505 1313 3582 conjurationis
1326 3525 1346 3568 a
1358 3506 1508 3569 Catilina
1527 3517 1560 3571 et
1574 3507 1701 3572 Pisone
1711 3507 1816 3591 iactae,

416 3609 571 3694 Crassum
593 3613 768 3667 auctorem
789 3602 919 3689 fuisse,
951 3604 1117 3670 Asconius
1137 3607 1222 3670 dicit
1241 3628 1319 3694 pag.
1329 3625 1404 3686 144.
1434 3612 1564 3677 Comm.
1585 3612 1625 3676 in
1645 3615 1703 3676 Or.
1722 3615 1815 3698 Toga

412 3715 519 3777 Cand.
543 3709 759 3778 obtinendas
779 3709 803 3782 i.
816 3732 844 3782 e.
868 3713 1093 3796 occupandas.
1125 3712 1185 3776 cir.
1207 3716 1287 3783 Caes.
1307 3719 1343 3780 B.
1358 3717 1398 3779 G.
1414 3737 1442 3781 1.
1457 3725 1486 3786 6.
1519 3719 1620 3801 quod
1638 3713 1714 3802 guse
1734 3713 1818 3782 cisi·

416 3817 507 3880 tatis
527 3840 615 3882 suae
635 3812 824 3901 imperium
847 3819 1065 3884 obtenturus
1085 3827 1186 3886 esset.
1214 3821 1283 3885 Cic.
1295 3823 1356 3906 Ep.
1370 3823 1414 3884 ad
1425 3821 1503 3886 Diu.
1517 3823 1545 3886 8.
1560 3842 1592 3903 9.
1612 3820 1816 3906 relinquen·

418 3921 484 3986 dus
505 3918 573 3982 tihi
593 3919 682 4004 erit,
704 3917 770 4003 qui
780 3919 1009 4007 provinciam
1026 3922 1201 3990 obtineat.
1220 3927 1295 3999 Liv,
1311 3941 1361 4003 14.
1376 3949 1426 3991 11.
1447 3948 1529 3991 cum
1545 3922 1661 4010 ceteri
1676 3949 1721 3992 er
1732 3947 1840 4002 com„

416 4019 554 4102 iuratis
574 4025 626 4086 ad
643 4021 841 4090 exercitum
863 4023 1096 4092 obtinendum
1117 4030 1387 4116 remansissent.

498 4131 604 4196 Duas
624 4125 831 4209 Hispanias
850 4130 875 4202 i.
892 4150 921 4198 e.
944 4131 1137 4198 citeriorem
1147 4137 1387 4200 etulteriorem
1407 4157 1467 4204 seu
1477 4142 1771 4204 Tarroconensem
1783 4146 1817 4203 et

417 4237 584 4308 Baeticam,
606 4233 666 4298 cir.
680 4234 801 4296 Strabo
820 4238 1040 4318 3.p.371.Ed,
1052 4241 1205 4301 Taucbn.
1214 4241 1331 4326 Pomp.
1344 4243 1445 4307 Mela.
1456 4265 1485 4308 1.
1495 4247 1558 4313 63
1589 4245 1656 4307 sed
1671 4263 1735 4328 pro
1755 4241 1819 4308 sed

408 4342 460 4407 eti
482 4365 552 4406 am.
575 4341 633 4406 cir.
656 4365 683 4408 c.
699 4345 748 4422 39.
770 4361 884 4424 neque
904 4344 1022 4406 solum
1052 4337 1158 4428 cives,
1178 4345 1243 4408 sed
1260 4343 1435 4438 cujusque
1457 4344 1558 4412 modi
1581 4368 1698 4438 genus
1724 4347 1813 4412 hom
