4116 4970
243 653 340 696 num.
362 633 429 698 Cic.
449 635 509 719 Ep.
520 633 598 707 Dir.
610 657 637 698 r.
653 638 692 700 6:
711 658 765 714 «ιε
786 631 953 703 omnibus
973 627 1131 726 negotiis
1152 655 1228 701 non
1248 631 1422 729 interfuit
1441 639 1560 702 solum
1579 639 1645 705 sed

236 733 435 830 praefuit.”
455 743 555 804 Corn.
566 745 648 827 Nep.
663 744 728 820 54:
747 743 948 818 «Cimonem
958 740 1183 806 Athenienses
1195 761 1267 806 non
1285 741 1398 806 solum
1415 741 1454 806 in
1474 743 1569 808 bello
1583 747 1643 810 sed

240 843 279 905 in
299 864 383 928 pace
403 845 465 908 diu
486 846 783 913 desideraverunt”
805 845 865 911 cfr.
884 847 957 911 Lir.
976 851 1006 910 3.
1028 868 1082 928 ¹73
1105 852 1137 911 3.
1150 851 1208 928 383
1230 853 1260 912 8.
1282 861 1311 925 4.
1335 849 1436 932 quod
1458 843 1502 912 ni
1513 869 1523 912 s
1543 870 1644 935 pron.

240 949 423 1013 relativum
444 949 562 1014 multis
582 951 884 1030 conjunctionibus
903 951 1131 1036 preponitur,
1151 961 1190 1016 ut
1209 953 1386 1018 sententie
1407 955 1533 1018 arctius
1552 954 1645 1020 inter

240 1070 314 1118 sese
322 1052 530 1140 jungantur,
558 1057 717 1142 inprimis
738 1079 816 1122 cum
836 1054 872 1120 si
889 1057 1074 1140 saepissime
1095 1057 1264 1127 coalescit.
1285 1057 1347 1132 eir.
1370 1059 1642 1142 HpratTursell.

240 1178 275 1241 p.
292 1178 381 1238 1099.
394 1162 626 1227 Edschwan.
640 1162 700 1226 cir.
722 1165 892 1250 iugurtha
912 1167 957 1226 13.
981 1162 1082 1244 quod
1099 1159 1241 1226 utinam
1264 1163 1352 1226 Flor.
1366 1179 1396 1240 4.
1409 1187 1437 1228 2.
1462 1166 1563 1247 quod
1576 1158 1648 1228 etsi

241 1265 404 1328 nondum
413 1257 576 1356 fugera't¹
593 1305 637 1322 -
657 1271 758 1352 quod
774 1292 828 1334 ne.
855 1269 988 1336 Colum.
1002 1269 1044 1337 V.
1068 1288 1120 1331 11:
1142 1269 1243 1350 quod
1260 1264 1324 1331 ubi
1341 1269 1409 1331 Cic.
1430 1272 1475 1334 de
1496 1270 1591 1332 Orat.
1614 1291 1645 1333 2.

230 1379 289 1447 49.
319 1369 419 1451 quod
434 1378 477 1432 ut
496 1371 586 1436 Plin.
606 1373 649 1441 H.
675 1377 750 1439 Nat.
780 1377 826 1437 ιθ.
846 1378 894 1438 23.
917 1374 1157 1468 Pleonasmus,
1188 1393 1292 1456 quem
1323 1372 1362 1436 in
1384 1374 1452 1436 11⁰0
1473 1372 1643 1455 l⁰q¹1⁰¹¹⁴fi
1772 1463 1774 1469 ,

239 1489 365 1556 genere
386 1475 521 1541 Cortius
541 1476 712 1544 invenisse
732 1479 801 1542 sibi
821 1479 914 1544 risus
934 1487 1001 1563 est,
1021 1478 1138 1542 nullus
1158 1487 1218 1543 est.
1238 1485 1461 1543 maturasset
1475 1477 1601 1542 darei.
1615 1497 1645 1544 e.

239 1577 407 1644 maturius
434 1581 599 1648 dedisset:
626 1585 834 1650 constructio
860 1587 952 1670 apud
971 1583 1040 1652 Sal.
1071 1583 1233 1666 frequens
1260 1589 1295 1647 et
1315 1583 1440 1646 Graecae
1468 1589 1647 1646 structum
1764 1643 1766 1650 ,

238 1681 333 1745 haud
345 1685 593 1772 absimilis=ubi
605 1690 760 1755 adverbii
781 1691 860 1755 loco
879 1693 1025 1755 verbum
1043 1689 1181 1753 finitum
1200 1687 1362 1773 ponitur,
1376 1684 1647 1774 etpraedicatum

239 1785 413 1854 infinitivo
441 1793 654 1877 exprimitur.
681 1817 713 1858 r.
739 1816 766 1858 c.
799 1783 827 1866 oi
853 1793 920 1865 θοοὶ
938 1794 1084 1892 χαίρουσι
1112 1789 1300 1882 ltprimum,
1327 1789 1509 1866 desistimus
1530 1779 1647 1878 stipat

238 1891 308 1966 mi.
329 1911 362 1962 λ.
384 1895 444 1964 cfr.
466 1899 536 1964 Cat.
551 1900 601 1967 36.
624 1895 827 1965 Catilinam
841 1897 1016 1983 persequi
1034 1903 1207 1966 maturet.
1230 1898 1290 1960 eir.
1309 1900 1387 1983 Jug.
1407 1903 1457 1974 34.
1478 1919 1524 1962 ne
1533 1890 1648 1986 sesti-

239 2005 349 2062 naret
368 1997 479 2064 abire.
499 2003 658 2089 Jugurth.
679 2023 750 2088 cap.
769 2025 818 2086 79.
840 2011 1052 2068 maturavere
1072 2005 1139 2068 iter
1169 2021 1322 2087 pergere.
1346 2003 1427 2065 Caes.
1442 2003 1478 2062 B.
1502 1998 1542 2060 G.
1566 2021 1597 2066 ι.
1615 2019 1645 2078 7.

238 2110 408 2168 maturat
428 2105 476 2181 abv
489 2089 583 2170 ⁸urbe
597 2103 796 2193 prqficisci.
825 2108 938 2196 Alium
960 2105 1101 2170 diremti
1121 2105 1261 2169 consilii
1288 2123 1423 2167 eausam
1443 2097 1544 2166 affert
1563 2102 1648 2165 Sue·

239 2211 310 2274 ton.
332 2207 400 2271 vir.
417 2208 487 2276 lul.
521 2230 553 2289 9.
566 2209 585 2242 ’'
613 2209 778 2274 Tanasius
799 2211 919 2289 adjicit
944 2211 1100 2273 Crassum
1132 2205 1337 2292 poenitentia
1353 2208 1410 2272 vel
1432 2215 1536 2272 metu.
1552 2205 1648 2269 diem

238 2309 327 2374 caedi
346 2312 554 2376 destinatum
574 2332 646 2377 non
668 2303 823 2399 obiisse,
855 2321 888 2379 et
914 2313 1045 2378 idcireo
1066 2333 1111 2378 ne
1133 2315 1301 2378 Gaesarem
1321 2311 1464 2396 quidem
1484 2311 1646 2398 signum,

238 2418 334 2498 quod
355 2417 398 2480 ab
419 2437 460 2483 eo
481 2418 557 2481 dari
577 2427 804 2506 convenerat,
833 2419 978 2490 dedisse.
1009 2420 1215 2484 convenisse
1241 2428 1356 2483 autem
1383 2417 1489 2481 Curio
1509 2417 1579 2502 ait,
1608 2423 1648 2479 ut

238 2528 355 2608 togam
377 2527 421 2588 de
448 2525 592 2589 humero
613 2525 809 2604 dejiceret.'’
831 2534 908 2608 tam
925 2523 1122 2610 pessimum
1144 2525 1230 2594 Min.
1252 2543 1281 2594 α.
1302 2526 1393 2588 Med.
1411 2528 1442 2587 3.
1461 2526 1579 2599 Vats.
1601 2541 1649 2595 m.

237 2645 302 2693 sec.
325 2637 403 2691 tum
423 2631 498 2694 Vat.
521 2653 547 2692 r.
565 2649 595 2693 2.
610 2633 638 2693 5.
660 2633 750 2695 Med.
769 2633 799 2699 5.
815 2652 845 2711 9.
861 2649 907 2693 η.
929 2629 1071 2698 omittit.
1087 2633 1161 2697 Vat.
1179 2635 1208 2695 3.
1229 2630 1437 2700 Romanam
1452 2629 1548 2711 quod
1563 2629 1650 2691 Cor·

237 2730 307 2796 tius
325 2733 449 2819 habel,
477 2734 595 2799 nullus
614 2754 656 2800 ex
676 2737 782 2799 codd.
803 2735 943 2800 Italicis.
979 2745 1059 2800 tum
1086 2733 1201 2821 glossa
1218 2735 1405 2798 verborum
1425 2752 1466 2796 eo
1493 2719 1551 2796 die
1573 2747 1649 2802 esse

237 2836 394 2922 ridetur,
420 2848 453 2903 et
475 2839 547 2918 ejus
567 2839 645 2904 loco
667 2841 832 2904 nonnulli
851 2841 989 2904 librarii
1017 2849 1097 2902 tam
1116 2860 1178 2923 per
1197 2838 1368 2900 incuriam
1390 2837 1608 2921 scripserunt.

318 2942 531 3009 Patratum.
550 2945 639 3011 hane
660 2943 848 3007 dictionem
857 2943 973 3028 inepte
993 2962 1066 3007 esse
1084 2941 1323 3028 impugnatam
1343 2941 1462 3004 multis
1484 2938 1649 3023 exemplis

240 3048 360 3110 docuit
381 3050 417 3115 C.
439 3047 498 3115 cir.
521 3046 614 3110 infra
635 3067 708 3132 eap.
736 3049 785 3114 56.
814 3044 960 3128 incepta
981 3053 1149 3128 patrare.
1177 3046 1339 3130 iugurth.
1368 3061 1418 3107 nr.
1442 3051 1643 3129 patratum

238 3151 381 3216 bellum.
401 3151 525 3215 Justin.
539 3147 608 3215 πθ.
622 3155 784 3234 patrata
805 3148 910 3222 bella,
929 3152 1023 3234 apud
1042 3147 1116 3213 Lir.
1140 3149 1290 3235 bellum,
1306 3147 1458 3236 facinus,
1472 3148 1648 3228 jusjuran-

237 3260 467 3344 dum‚pacem
475 3255 535 3321 cfr.
545 3267 596 3336 44.
609 3259 663 3336 253
684 3255 714 3342 π’,
728 3258 797 3336 26.;
817 3268 878 3338 40,
890 3256 948 3333 523
970 3277 997 3317 r.
1013 3268 1062 3332 nt.
1085 3251 1172 3338 quia
1190 3255 1492 3320 nondum-sed
1502 3255 1558 3319 rel
1579 3254 1648 3322 tale

236 3363 415 3447 quidesse
435 3362 600 3432 omissum
620 3364 710 3428 bene
730 3359 972 3425 animadvertit
992 3361 1018 3423 C
1029 3383 1038 3441 ;
1056 3363 1150 3443 quod
1172 3359 1317 3444 quidem
1337 3367 1370 3425 et
1389 3379 1410 3424 a
1429 3359 1589 3444 Salustio,
1611 3365 1647 3425 et

237 3468 484 3556 nThucydide
504 3466 627 3554 saepius
656 3467 800 3553 factum,
827 3473 885 3551 ut,
911 3465 1216 3546 conjunctionibus
1241 3465 1463 3532 adversatiris
1490 3463 1653 3564 omisst

237 3574 403 3658 quesibi
424 3574 589 3659 opposite
608 3572 678 3638 sint
698 3570 895 3658 sententiae,
916 3569 1110 3636 evidentius
1132 3571 1357 3660 intelligatur.
1379 3570 1440 3638 cfr.
1459 3571 1551 3636 intra
1573 3591 1645 3656 cap.
1658 3557 1671 3566 ⁹

238 3679 289 3746 58.
310 3675 417 3744 licuit
444 3675 549 3743 nobas
570 3677 609 3741 in
629 3675 757 3743 exsilio
779 3685 938 3744 aetatem
958 3700 1090 3766 agere-,⁸
1122 3674 1210 3760 quia
1232 3675 1300 3742 illa
1309 3673 1432 3767 foeda
1452 3684 1565 3759 atque
1590 3669 1646 3738 in·

239 3784 434 3849 toleranda
464 3778 550 3847 viris
578 3777 811 3868 videbantur,
838 3782 929 3847 haee
955 3777 1060 3864 sequi
1079 3775 1295 3849 decrevistis.
1327 3789 1361 3845 et
1382 3799 1455 3864 cap.
1481 3781 1532 3859 59.
1564 3795 1644 3843 non

241 3883 369 3980 agitur
389 3888 432 3952 de
453 3883 697 3977 vectigalibus,
718 3907 794 3951 non
815 3885 858 3950 de
877 3880 1063 3950 sociorum
1084 3879 1245 3981 injuriis.
1272 3881 1423 3948 libertas
1455 3892 1491 3948 et
1519 3879 1647 3948 anz'rna

238 3989 846 4075 nostraindubioestntnc.17.fln.
863 3986 949 4073 quia
958 3985 1034 4056 cie.
1045 3987 1357 4075 ete.praeteres.cfr.
1367 3989 1436 4054 Cic.
1443 3992 1503 4075 Ep.
1511 3991 1556 4052 nd
1565 3987 1645 4057 Dir-

240 4114 290 4160 η.
304 4091 444 4175 '143nam
456 4099 655 4181 quaelaudrt
670 4099 706 4174 C.
716 4097 872 4182 exempla
880 4099 924 4158 ed
934 4095 1002 4160 Cic.
1011 4095 1107 4180 Epist
1118 4098 1172 4161 nd
1182 4095 1300 4178 Div.'9.
1309 4099 1359 4160 26.
1372 4117 1444 4161 non
1450 4103 1530 4160 sunt
1543 4091 1645 4172 hujus

238 4200 320 4265 1005.
338 4181 575 4286 sim'nnsunt,
595 4225 671 4286 qua
691 4200 1175 4270 namnomrauravnenr.
1190 4201 1220 4290 ς.
1237 4204 1303 4266 rer.
1325 4205 1359 4272 Β.
1382 4199 1540 4269 namn,
1552 4219 1579 4258 t.
1593 4197 1645 4292 as.

237 4341 255 4381 «
279 4306 417 4372 Infestis
435 4307 562 4372 animis
583 4309 673 4374 terni
686 4309 829 4388 juvenes
849 4313 1079 4374 concurrente
1096 4327 1161 4373 nee
1180 4307 1236 4371 his
1255 4326 1319 4372 nec
1339 4305 1432 4388 illis,
1452 4300 1646 4390 periculum

238 4449 256 4485 ς
288 4431 421 4498 suum,
444 4409 638 4498 pullicum
646 4412 1084 4501 imperiumnenitiumque
1104 4407 1305 4478 observetur
1324 4401 1472 4476 animol’
1492 4407 1552 4476 cfr.
1567 4409 1646 4473 Tse.
