4106 4974
1519 448 1524 460 ’
1600 431 1671 550 139

213 711 216 718 ,
261 643 399 732 gentius
419 643 472 713 sit.
496 637 535 708 in
556 647 731 711 extremo.
754 639 814 706 cir.
833 643 912 711 Tac.
932 640 1055 706 Annal.
1079 654 1129 720 14.
1151 641 1200 710 16.
1223 635 1297 706 sita
1318 638 1358 704 in
1377 641 1580 708 extremum
1601 646 1666 714 aa.

262 749 385 814 dueta.
406 747 622 832 frequentior
639 737 794 836 pluralis
807 752 899 814 curt.
921 765 951 826 4.
967 765 1015 827 14.
1037 749 1090 813 ad
1107 753 1272 830 eatremq
1286 754 1500 832 perventum
1522 755 1587 835 est.
1606 751 1667 816 sed

190 837 193 844 ¹
260 853 316 921 ha
335 855 544 942 locutIones,
574 853 813 946 inviscato,
842 852 882 919 in
904 851 1035 938 dubio,
1066 853 1105 918 in
1120 853 1316 938 proximo,
1349 848 1389 918 in
1410 859 1594 942 extremo,
1624 851 1664 920 in

261 967 411 1045 operto,
431 956 471 1025 in
486 969 666 1046 promptu
686 963 778 1046 apud
787 959 973 1025 Salustium
991 956 1293 1045 frequentissimae,
1305 957 1377 1042 =qui
1396 961 1558 1027 basiare
1574 965 1667 1031 Grae·

261 1083 320 1130 cos
339 1065 494 1130 imitatus
513 1085 585 1132 esse
604 1065 750 1132 videtur.
772 1063 949 1136 liberales.
978 1066 1083 1132 etiam
1102 1067 1170 1130 hoo
1188 1069 1232 1130 ad
1252 1067 1418 1131 Caesarem
1437 1076 1576 1153 spectat.
1609 1068 1669 1134 cfr.

259 1169 399 1237 Sueton.
421 1175 644 1258 Caes.cap.18.
664 1171 787 1240 Catull.
807 1177 857 1238 3ο.
879 1165 1131 1238 misericordes
1151 1167 1190 1234 in
1202 1165 1357 1262 furibus
1377 1172 1512 1239 aerari.
1534 1175 1595 1240 cfr.
1614 1196 1670 1251 su,

259 1295 325 1360 pra
356 1298 428 1364 cap.
459 1287 614 1359 9.et11.
649 1279 717 1349 Cio.
738 1273 835 1347 Verr.
865 1299 893 1342 1.
927 1301 954 1343 ι.
986 1287 1022 1342 et
1055 1273 1090 1341 si
1107 1272 1236 1367 sortes
1247 1271 1407 1368 fueritis
1427 1275 1467 1343 in
1488 1302 1540 1346 eo.
1566 1277 1665 1348 offie.

261 1401 291 1446 1.
316 1399 363 1460 ι4.
385 1382 450 1466 qui
468 1379 554 1447 aliis
573 1392 728 1472 nocent,
759 1393 802 1449 ut
829 1381 868 1449 in
890 1375 987 1449 alios
1009 1379 1177 1447 liberales
1196 1379 1282 1458 sint,
1304 1385 1373 1448 Cic.
1395 1385 1494 1448 Catil.
1509 1403 1540 1462 4.
1572 1385 1667 1452 siin

258 1483 317 1552 iris
328 1483 1667 1582 hominibusvehementissimisuerimus,misericordeshabebimur-per·
1739 1569 1745 1584 ι

260 1589 378 1657 ditum
389 1600 485 1659 eant.
496 1597 577 1661 vide
586 1615 687 1683 supra
697 1600 777 1661 ado.
787 1600 836 1665 36.
846 1599 1025 1683 ettug.31.
1045 1613 1121 1671 «ne
1140 1595 1351 1680 ignoscendo
1361 1583 1480 1661 'bonos
1491 1596 1667 1683 perditum

260 1697 381 1767 eatis.”
402 1699 545 1765 divorso
560 1696 701 1767 itinere.
717 1703 793 1768 dua
805 1701 1075 1767 constructiones
1084 1699 1460 1769 consociataevidentur.
1471 1703 1602 1769 scilicet
1612 1705 1668 1768 dl-

258 1819 390 1867 versoa
408 1804 512 1868 bonis
533 1806 657 1872 itinere
678 1807 716 1870 in
735 1807 813 1871 loca
833 1816 941 1872 taetra
959 1807 1070 1869 malos
1090 1805 1187 1869 abire
1206 1812 1313 1890 putat.
1337 1809 1496 1872 Ceterum
1505 1811 1579 1878 haec
1594 1832 1667 1877 non

258 1910 372 1976 solum
393 1931 414 1974 a
431 1910 542 1997 poetis
562 1913 749 1998 celebrata,
770 1915 830 1977 sed
852 1911 955 1976 etiam
976 1931 997 1974 a
1017 1909 1135 1976 stoicis
1156 1913 1283 1976 dehac
1302 1931 1341 1980 re
1361 1913 1584 2000 disputatum.
1604 1915 1665 1988 cfr.

258 2019 413 2091 Lactant,
435 2041 466 2100 7,
489 2041 519 2100 7.
559 2021 665 2095 «Esse
686 2019 817 2085 inferos
835 2023 953 2084 Zenon
973 2018 1100 2082 stoicus
1122 2018 1257 2102 docuit,
1286 2025 1319 2082 et
1345 2009 1441 2083 s'edes
1460 2020 1600 2103 piorum
1621 2001 1690 2084 ab⁸

257 2123 377 2210 impiis
398 2145 469 2188 esse
492 2123 673 2204 discretos3
704 2133 738 2188 et
763 2125 845 2188 illos
872 2125 1014 2206 quidem
1043 2123 1175 2204 quietas
1202 2131 1236 2188 et
1266 2123 1487 2188 delectabiles
1512 2123 1667 2193 incolere

257 2229 435 2316 regiones3
455 2230 520 2292 bos
540 2247 623 2292 vero
643 2228 740 2294 luere
759 2249 877 2314 poenas
889 2229 936 2292 in
954 2225 1181 2292 tenebricosis
1199 2227 1287 2292 locis
1306 2228 1663 2311 atqueincaenivora·

257 2333 401 2424 ginibus
421 2335 614 2400 horrendis.
628 2333 647 2366 ”
679 2333 738 2398 cfr.
760 2335 883 2398 catull.
905 2336 1014 2398 Carm.
1029 2339 1059 2402 3.
1081 2333 1208 2397 Seneca
1227 2335 1311 2418 Epp.
1327 2335 1376 2397 82.
1397 2342 1431 2399 et
1452 2350 1501 2413 24.
1523 2337 1666 2402 babere.

258 2441 283 2506 i.
305 2462 334 2506 e.
355 2435 451 2532 ἵχιιν,
473 2450 512 2504 ut
534 2440 657 2526 saepius
676 2443 769 2526 apud
788 2441 857 2504 Sal.
878 2449 914 2505 et
935 2460 1010 2505 non
1024 2441 1095 2523 per
1116 2446 1246 2505 totam.
1272 2445 1318 2524 et,
1337 2443 1433 2523 quod
1454 2440 1494 2505 in
1512 2445 1666 2509 nonnul-

259 2545 305 2611 lis
315 2547 424 2610 Cortii
437 2547 538 2610 libris
560 2545 750 2631 omittitur,
773 2547 960 2611 delendum
979 2565 1050 2611 esse
1072 2548 1171 2608 duco.
1193 2543 1255 2609 cfr.
1274 2544 1343 2612 Cic.
1356 2547 1441 2632 Epp.
1452 2551 1481 2611 3.
1497 2563 1528 2630 7,
1549 2589 1566 2624 a
1578 2568 1665 2633 qua-

256 2653 288 2720 si
308 2675 391 2720 vero
412 2657 457 2716 ad
478 2658 753 2739 cognoscendum
775 2671 839 2738 ego
860 2655 904 2715 ad
925 2651 1033 2734 illos,
1066 2670 1139 2714 non
1160 2649 1217 2713 illi
1245 2652 1290 2714 ad
1312 2669 1368 2717 me
1392 2653 1513 2721 venire
1539 2657 1667 2724 debue-

256 2759 369 2824 rint.”
410 2760 477 2827 Sal.
499 2780 603 2845 supra
623 2757 695 2846 o'ap.
712 2761 761 2825 5ι.
780 2757 851 2834 «ἰιϊ
867 2757 964 2821 luctu
976 2765 1077 2839 atque
1097 2755 1247 2821 miseriis
1268 2768 1416 2822 mortem
1435 2779 1666 2828 aerumnarum

257 2865 430 2950 requiem,
452 2885 524 2929 non
545 2864 734 2928 cruciatum
756 2861 872 2927 esset-’'
893 2859 1087 2926 eonsilium
1110 2869 1170 2928 est.
1190 2863 1335 2925 verbum
1356 2878 1425 2927 om.
1444 2865 1519 2931 ‘vat
1534 2869 1564 2928 6.
1583 2887 1663 2952 pro-
1731 2941 1743 2962 .

256 2971 314 3036 bo.
336 2965 454 3061 refert
475 2991 529 3033 me
549 2963 649 3031 mihi.
671 2988 727 3030 me
748 2973 815 3033 ont.
836 2965 942 3027 Barb.
967 2965 995 3026 5.
1019 2986 1045 3028 ι.
1066 2967 1158 3029 Med.
1172 2970 1202 3030 3.
1224 2967 1309 3033 Ven.
1326 2970 1357 3030 3.
1396 2962 1466 3056 ref.
1486 2967 1579 3033 milri
1589 2961 1661 3052 'me

257 3078 357 3140 Barb.
375 3091 405 3150 4.
425 3094 500 3155 quae
517 3073 665 3155 faciunt,
686 3079 725 3132 ut
734 3088 928 3156 pronomen
946 3089 1001 3130 me
1020 3087 1041 3130 a
1061 3069 1178 3132 Contio
1201 3077 1291 3134 recte
1313 3072 1479 3144 omissum
1493 3073 1660 3153 judicem.

259 3155 450 3247 attentius.
472 3179 496 3242 i.
517 3198 546 3242 e.
568 3175 786 3264 diligentius,
817 3174 940 3238 acrius.
980 3171 1039 3237 cira
1061 3173 1199 3260 Quinct.
1223 3191 1252 3252 4.
1273 3177 1303 3239 5.
1333 3173 1466 3265 judex,
1481 3179 1665 3251 attentior·

259 3283 362 3350 eirea
377 3281 452 3372 jus.
473 3283 548 3349 Val.
564 3285 652 3345 Max.
667 3301 696 3349 a.
713 3283 741 3345 5.
758 3285 787 3345 5.
818 3277 966 3363 antiqui
985 3273 1123 3343 attenti
1142 3277 1393 3348 continentiae
1412 3288 1661 3377 -languern

258 3391 297 3457 id
319 3393 413 3474 quod
435 3386 554 3452 Cicero
576 3385 677 3462 dicit,
698 3385 864 3450 mollibus
884 3385 1063 3450 sententiis
1085 3386 1358 3465 conjurationem
1379 3390 1488 3477 alere,
1509 3399 1665 3483 torpere,

257 3499 462 3577 hebescere,
486 3492 591 3558 nimis
611 3490 754 3556 mollem
774 3499 811 3556 et
828 3490 1035 3575 placabilem
1056 3509 1092 3556 se
1111 3493 1275 3576 praebere.
1295 3492 1356 3566 cir.
1379 3513 1482 3581 supra
1505 3500 1549 3562 ad
1564 3521 1593 3564 o.
1613 3507 1664 3590 43ι

249 3597 401 3694 feroces
422 3601 590 3665 oderunt.
620 3596 761 3682 proprie
780 3597 933 3660 hostium
964 3605 1034 3681 est,
1065 3597 1127 3682 qui
1153 3581 1346 3663 occurrunt,
1367 3607 1400 3665 et
1427 3603 1666 3670 minitabundi

259 3710 436 3772 accedunt.
458 3704 519 3770 cfr.
538 3705 616 3790 Jug.
630 3709 679 3767 50.
701 3696 839 3793 infensi
857 3703 979 3766 adesse
998 3711 1109 3784 atque
1130 3699 1280 3767 instare.
1302 3705 1376 3769 Liv.
1394 3723 1443 3768 22.
1465 3713 1516 3771 32.
1550 3708 1665 3774 diver·

257 3809 309 3877 sis
329 3808 421 3877 loeis
442 3805 645 3896 opportuni
663 3809 829 3876 oderant.
871 3802 1000 3876 Nolite
1020 3801 1175 3870 existim.
1197 3809 1279 3873 Hae'c
1297 3830 1437 3893 quoque
1458 3815 1501 3876 ad
1523 3813 1664 3884 cessus

259 3917 453 3984 orationem
473 3913 699 3982 refellendam
720 3913 830 4000 dicta,
851 3899 1003 3979 sednon
1025 3913 1196 3978 contraria
1217 3915 1401 4001 i11is‚quae
1417 3919 1576 3986 aCaesare
1590 3921 1663 3988 die-

211 4026 215 4034 '
258 4031 295 4086 ta
306 4021 451 4091 fuerant.
471 4023 642 4090 Virtutem
664 4021 757 4086 enim
779 4031 813 4085 et
831 4020 1035 4106 sapientiam
1056 4021 1277 4103 antiquorum
1299 4023 1535 4090 Romanorum
1554 4026 1662 4106 maj0-

258 4147 333 4193 rem
353 4128 458 4192 fuisse
480 4128 629 4208 dixerat3
650 4133 710 4194 sed
731 4125 1134 4194 contentionis.studium
1156 4118 1318 4192 &sonim
1338 4131 1508 4216 perpulit,
1529 4139 1569 4193 ut
1587 4133 1661 4198 haec
1770 4145 1775 4154 ⁴

260 4239 399 4320 quoque
428 4233 478 4300 ila
497 4232 625 4300 diceret
637 4277 661 4334 ,η
681 4242 845 4322 tanquam
866 4253 887 4299 a
907 4235 1035 4302 Caesare
1055 4233 1342 4320 improbarentur.
1355 4233 1658 4321 pulcherrimam.
