4108 4976
404 408 476 482 260

406 603 487 666 bam
508 618 567 666 seu
589 593 895 682 scripturaruum
915 589 1042 676 posuit.
1082 593 1167 654 Nam
1189 589 1256 653 hoc
1278 599 1417 669 quoque
1438 585 1525 652 alibi
1546 588 1706 658 occurrit.
1739 593 1806 658 Ne·

405 727 496 773 cesse
517 706 624 791 igitur
647 709 803 784 nonest,
825 706 863 764 ut
880 699 953 761 baec
973 694 1169 780 deleantur,
1189 695 1249 758 sed
1268 712 1311 757 ne
1330 692 1468 778 elegans
1489 691 1642 775 quidem.
1656 691 1807 778 patirur·-

407 833 504 875 mum
526 811 618 875 enim
640 827 716 871 cum
739 806 863 869 decere
877 803 1042 890 jungere,
1061 799 1142 865 ride
1165 820 1208 864 ne
1231 798 1352 862 durius
1370 797 1425 862 sit.
1453 817 1561 880 quare
1586 798 1743 866 omnium
1761 803 1806 868 li.

404 919 546 980 brorum
568 913 751 978 lectionem
770 911 914 994 probam
932 926 1002 972 esse
1018 905 1150 985 judico.

487 1023 568 1104 Cap.
587 1017 703 1082 XXXI.
723 1036 779 1078 mr
798 1013 1052 1078 dehortantur.
1074 1009 1218 1086 Curtius,
1235 1005 1297 1090 qui
1313 1005 1399 1070 falso
1417 1009 1489 1070 Bas.
1505 1028 1533 1069 r.
1545 1008 1731 1073 verborum
1748 1029 1805 1077 or-

405 1125 524 1190 dinem
547 1133 679 1186 mutare
697 1119 799 1202 dicit,
818 1137 1011 1202 pronomen
1027 1135 1067 1179 ex
1086 1131 1182 1179 more
1199 1113 1343 1192 delevit;
1371 1133 1441 1194 quo
1459 1111 1587 1176 omisso
1605 1115 1709 1180 tutius
1729 1135 1805 1183 sen-

405 1230 521 1296 terrtiae
538 1225 709 1313 elegantia
729 1222 830 1310 perit.
849 1223 910 1286 sed
927 1223 1021 1303 quod
1041 1217 1134 1283 idem
1151 1219 1270 1282 multa
1290 1239 1313 1281 a
1332 1213 1429 1283 vobis
1449 1217 1613 1305 conjungi
1624 1241 1724 1304 posse
1737 1227 1805 1286 sta-

405 1335 489 1419 tuit,
517 1343 587 1398 tota
610 1331 668 1394 via
699 1327 834 1393 errarit.
863 1325 1081 1390 simillimum
1107 1333 1156 1389 est
1180 1322 1321 1386 initium
1342 1319 1508 1388 orationis
1529 1325 1669 1388 Catonis
1686 1335 1805 1394 contra

283 1463 288 1474 ·
404 1427 560 1505 Servium
580 1436 740 1498 Galbam:
760 1432 840 1497 vide
856 1434 948 1515 apud
965 1430 1039 1494 Aul.
1061 1429 1215 1494 Gellium
1234 1433 1289 1513 1³,
1308 1444 1363 1508 243
1381 1429 1523 1503 ,multa
1538 1451 1594 1493 me
1609 1430 1805 1500 dehortata

405 1551 493 1608 surrt
505 1543 575 1605 truc
591 1537 759 1624 prodire,
778 1532 879 1620 aaut}
899 1545 1018 1619 aetas,
1039 1555 1122 1619 vor,
1143 1529 1246 1619 rues,
1265 1543 1439 1598 reuectus.
1458 1536 1518 1598 sed
1531 1533 1625 1598 idem
1637 1536 1732 1602 locus
1750 1538 1806 1602 lu-

405 1649 560 1713 culenter
580 1648 694 1728 docet,
720 1641 907 1706 Salustium
926 1640 1068 1723 quidem
1090 1641 1190 1704 tlores
1208 1636 1405 1702 Catoniana
1426 1638 1593 1704 orationis
1613 1641 1805 1729 collegisse,
1839 1633 1843 1640 ’

404 1773 476 1817 non
502 1762 616 1834 autem
638 1747 756 1813 omnia
785 1747 965 1810 immutata
988 1746 1026 1809 in
1047 1764 1146 1808 suum
1166 1745 1296 1808 librum
1316 1743 1537 1810 transtulisse.
1570 1741 1805 1834 aprssactio-

404 1859 472 1924 nir.
483 1852 693 1950 factionem
714 1851 881 1916 Salustius
900 1854 944 1914 ad
969 1860 1123 1916 senatum
1148 1848 1285 1935 retulit,
1314 1849 1437 1934 populi
1457 1859 1587 1933 partes
1612 1869 1682 1915 esse
1708 1852 1805 1917 dicit.

403 1963 484 2026 ride
509 1961 610 2024 inira.
631 1979 703 2045 cap.
719 1975 769 2036 41.
797 1966 830 2022 et
850 1961 1002 2041 speciant
1023 1955 1094 2021 fere
1118 1953 1284 2020 factiones
1312 1957 1357 2018 ad
1381 1954 1594 2054 irryapaetar,
1618 1975 1724 2038 quare
1742 1979 1806 2024 sar-

295 2127 300 2134 .
401 2067 482 2154 pius
495 2086 704 2151 paucorum
726 2063 918 2128 addisolet.
932 2059 999 2149 jur
1018 2063 1171 2126 uultum.
1192 2059 1240 2126 ita
1251 2063 1343 2144 apud
1356 2061 1555 2127 Ciceronem
1564 2062 1701 2149 saepius,
1719 2067 1804 2128 aut·
1903 2155 1915 2172 ἱ

404 2176 442 2238 Ia
463 2169 684 2256 respublica,
705 2172 830 2235 nullus
849 2176 1015 2252 serratus,
1035 2169 1160 2232 nullus
1179 2164 1391 2250 imperator.
1416 2171 1477 2232 sed
1497 2169 1564 2232 hoc
1583 2168 1662 2234 loco
1680 2169 1805 2255 abrup-

402 2278 472 2342 tius
492 2279 622 2340 dictum
642 2297 707 2360 pro
726 2269 845 2341 amuis
855 2271 960 2363 juras
979 2269 1121 2340 eversio.
1143 2281 1291 2337 ceterum
1301 2267 1487 2356 patientia
1507 2275 1574 2337 hac
1591 2273 1669 2338 loco
1684 2273 1722 2337 in
1734 2295 1806 2339 ma-

401 2383 474 2446 lam
494 2391 626 2466 partem
647 2401 718 2444 esse
737 2378 977 2465 accipiendum
998 2399 1068 2443 non
1092 2386 1156 2462 est,
1176 2379 1270 2460 quod
1291 2367 1462 2445 moneam.
1491 2375 1548 2441 liis
1569 2375 1679 2443 anuis
1699 2376 1805 2463 qairr-

405 2484 530 2550 decim.
551 2487 588 2548 in
605 2485 724 2569 paucis
739 2485 840 2549 libris
858 2482 994 2548 numeri
1010 2483 1161 2568 variant,
1187 2483 1249 2547 alii
1269 2482 1363 2546 enim
1380 2483 1421 2550 X.
1444 2482 1507 2546 alii
1522 2483 1582 2546 ΧΗ
1604 2484 1741 2550 habent.
1759 2486 1806 2550 il-

405 2591 466 2652 lud
480 2593 599 2669 utique
612 2589 751 2667 rectius3
771 2588 980 2653 hauddubie
994 2591 1038 2651 ad
1056 2591 1192 2652 caedem
1207 2590 1242 2650 C.
1255 2587 1401 2652 Gracchi
1413 2590 1480 2653 hoc
1490 2589 1723 2676 referendum,
1742 2591 1807 2674 qni

404 2697 522 2759 decem
544 2691 644 2756 annis
665 2702 743 2756 ante
761 2693 892 2756 occisus
910 2693 1030 2757 fuerat.
1053 2683 1267 2775 quindecim,
1286 2696 1381 2774 quod
1401 2703 1521 2758 auctor
1541 2694 1641 2778 dixit,
1664 2694 1806 2760 videtur
1833 2781 1837 2788 Ι

369 2813 373 2820 ’
402 2803 447 2864 ad
464 2798 609 2879 injurias
631 2806 783 2882 spectare
803 2796 900 2882 plebi
919 2805 995 2882 post
1013 2795 1311 2890 Tiberiimortem
1330 2798 1453 2864 illatas.
1473 2803 1532 2865 sed
1555 2810 1645 2864 recte
1667 2801 1805 2867 Cortius
1854 2837 1856 2842 ·

403 2915 539 2990 monet,
557 2903 684 2992 viginti
704 2903 804 2968 annis
826 2902 951 2968 rectius
968 2900 1098 2966 dictum
1111 2921 1198 2978 esse,-
1218 2912 1351 2987 poterat
1369 2904 1527 2991 adjicere,
1545 2906 1639 2970 idem
1658 2908 1805 2974 aratoris

402 3011 545 3099 ingenio
560 3013 670 3076 multo
690 3011 803 3096 aptius
823 3029 911 3094 esse,
933 3009 1062 3095 quippe
1079 3009 1141 3092 qui
1163 3029 1234 3072 rem
1250 3018 1400 3074 atrocem
1415 3012 1531 3096 potius
1549 3011 1691 3099 auxisse,
1700 3033 1804 3098 quam

403 3118 568 3182 minuisse
589 3121 759 3202 putandus
780 3119 834 3186 sit.
861 3117 1007 3201 accedit,
1027 3119 1121 3199 quod
1144 3115 1181 3181 in
1210 3117 1430 3200 sequentibus
1451 3120 1545 3183 baud
1574 3119 1680 3186 dubie
1700 3121 1804 3185 etiam

390 3220 536 3284 'Tiberii
554 3223 681 3285 Grachi
702 3223 804 3286 caedis
825 3222 957 3286 mentio
978 3222 1027 3286 fit.
1048 3242 1154 3306 quare
1178 3225 1271 3286 haud
1284 3222 1379 3308 scio,
1400 3243 1443 3286 au
1460 3225 1585 3290 rectius
1601 3227 1662 3290 XX
1675 3227 1805 3291 scriba·

402 3333 469 3389 tur.
492 3322 708 3414 defensores,
726 3326 905 3392 Tiberium
926 3337 960 3392 et
972 3327 1087 3406 Cajum
1100 3330 1270 3394 Gracchos
1286 3338 1378 3414 puta.
1402 3327 1716 3402 utrobi-sarrianis.
1736 3334 1804 3398 boc

401 3429 651 3514 significantius
671 3453 753 3514 pros
778 3443 816 3495 ut
835 3443 945 3498 vester
965 3431 1110 3497 animus.
1131 3433 1175 3496 ab
1201 3431 1356 3523 ignavia.
1376 3437 1575 3522 praepositio
1598 3437 1743 3521 adjecta,
1764 3446 1803 3500 ut

402 3532 454 3596 vis
482 3535 626 3595 causalis
647 3534 795 3595 ablativi
810 3535 933 3598 fortius
951 3537 1169 3616 exprimatur.
1196 3549 1234 3600 ut
1256 3543 1350 3604 enim
1372 3543 1494 3627 saepius
1517 3543 1618 3608 rebus
1642 3561 1803 3630 persona-

402 3659 481 3702 rum
501 3636 571 3702 vim
589 3635 709 3701 tribuit
727 3644 860 3723 auctor,
881 3637 930 3702 ita
947 3637 1050 3702 etiam
1072 3639 1231 3705 hocloco
1253 3648 1532 3730 praepositionem
1556 3649 1690 3730 adjecit.
1713 3649 1804 3714 mul.

401 3751 446 3826 ta,
464 3765 540 3826 quae
555 3742 692 3809 Cortius
701 3744 869 3831 congessit
879 3744 957 3810 loca
972 3752 1005 3808 et
1023 3747 1067 3807 ad
1081 3747 1173 3808 hunc
1184 3747 1297 3814 locum
1310 3760 1343 3816 et
1356 3756 1400 3817 ad
1409 3755 1477 3818 Cic.
1490 3758 1575 3840 Epp.
1587 3761 1634 3824 ιδ.
1648 3777 1695 3819 ro.
1711 3757 1803 3822 etad

403 3867 453 3908 rr.
472 3855 518 3910 ιδ.
546 3859 579 3912 et
601 3871 647 3914 ro.
664 3851 693 3912 8.
716 3870 786 3914 non
805 3849 956 3930 ejusdem
972 3861 1051 3915 sunt
1064 3853 1210 3937 generis.
1233 3855 1413 3922 obnoxius
1433 3856 1601 3926 inimicis.
1622 3862 1802 3926 recteCor-

401 3949 487 4015 tius:
509 3973 586 4015 cum
607 3954 742 4018 inimici
765 3958 869 4020 vestri
890 3956 1008 4020 delicti
1033 3959 1241 4024 conscientia
1261 3963 1359 4026 robis
1380 3965 1524 4043 subjecti
1546 3967 1626 4030 sint.
1648 3965 1708 4030 cir.
1731 3971 1801 4029 Cat.

402 4079 453 4124 ao.
470 4066 503 4122 ct
522 4059 653 4143 Fragm.
675 4058 762 4122 Hist.
780 4062 836 4124 IV.
858 4063 917 4144 Ep.
936 4062 1086 4128 Mithrid.
1114 4059 1176 4128 illa
1196 4063 1289 4129 enim
1311 4067 1500 4156 obnoxius,
1521 4073 1664 4154 qualem
1687 4076 1729 4133 tu
1745 4089 1804 4135 va·

402 4163 453 4226 les
472 4159 684 4228 societatem
705 4157 871 4247 accipiet.
893 4165 977 4230 item
999 4169 1073 4232 Lir.
1087 4176 1137 4232 23.
1154 4187 1200 4230 ra.
1220 4167 1256 4233 si
1265 4170 1449 4260 reticeam,
1463 4182 1531 4240 aut
1550 4175 1804 4259 superbierant

402 4265 582 4334 obnoxius
597 4264 853 4355 videam-sas,
875 4269 1014 4355 quibus.
1034 4294 1227 4359 pronomen
1240 4278 1556 4365 demonstrativum,
1574 4284 1670 4364 quod
1680 4299 1805 4346 omnes
