4116 4970
1613 395 1656 477 51

258 603 303 652 ne
322 565 505 673 ingenium
521 587 663 670 quidem
686 607 745 654 eos
760 590 913 674 potuisse
936 590 975 654 in
996 595 1158 676 promptu
1176 591 1325 669 habere;
1347 609 1427 652 nam
1448 591 1516 658 hoc
1535 590 1659 654 vitium

258 691 348 777 regii
365 692 505 777 imperii
524 694 590 758 Sal.
615 711 685 758 esse
703 694 838 778 statuit,
857 698 951 778 quod
973 696 1083 759 animi
1102 695 1305 782 ingeniique
1327 695 1504 760 facultates
1524 695 1661 761 incultae
1759 777 1762 780 ,

253 795 399 874 jaceant.
421 803 506 862 Nam
515 819 553 862 se
562 801 738 864 extollere
747 819 819 862 non
833 808 883 863 est
891 797 1248 884 potentioremfieri,
1262 802 1322 865 sed
1335 801 1556 882 quoincero
1568 799 1663 884 dicit,

258 911 360 985 caput
387 904 552 968 extollere
585 910 619 967 et
640 921 675 968 se
694 902 841 988 erigere,
862 903 886 972 i.
909 925 937 968 e.
957 903 1102 968 liberius
1128 905 1310 988 respirare,
1330 905 1425 988 quo'd
1454 906 1517 969 sub
1541 925 1662 992 regum

257 1005 406 1090 imperio
429 1009 532 1092 plane
558 1007 776 1091 prohibitum
800 1007 904 1071 fuisse
926 1007 984 1070 vix
1008 1009 1204 1076 credideris.
1248 1011 1297 1073 In
1316 1018 1494 1093 promptu
1521 1009 1662 1075 labere.

258 1111 281 1174 i.
302 1131 332 1184 e.
353 1132 528 1197 promere,
548 1130 757 1196 expromere.
784 1110 844 1176 cfr.
872 1111 940 1176 Cic.
959 1113 1057 1176 Catil.
1079 1137 1108 1174 a.
1125 1134 1183 1184 ao:
1202 1153 1218 1188 α
1235 1113 1405 1178 industria
1424 1115 1528 1182 ooenis
1543 1132 1663 1197 expro-

258 1217 374 1280 mitur.
383 1217 402 1249 ”
423 1217 503 1283 Alio
521 1237 622 1282 sensu
641 1221 733 1302 apud
745 1217 813 1282 cic.
826 1215 923 1283 offic.
946 1241 973 1278 1.
996 1240 1043 1284 ao.
1069 1218 1118 1284 In
1134 1226 1313 1300 promptu
1337 1218 1488 1303 habere,
1508 1219 1572 1284 i.e.
1589 1237 1662 1282 rem

257 1321 307 1386 ita
326 1332 538 1407 compertum
564 1324 712 1408 habere,
732 1333 771 1388 ut
795 1322 867 1401 ejus
886 1321 1055 1386 rationem
1076 1324 1244 1406 explicare
1267 1323 1386 1406 possis.

252 1469 254 1474 -
338 1427 497 1514 Regibus
515 1464 558 1479 -
578 1425 701 1491 aliena
723 1436 785 1491 est.
814 1426 875 1491 alr.
897 1430 1062 1491 Herodot.
1082 1432 1111 1491 3.
1128 1429 1177 1492 80.
1197 1425 1342 1510 „petrin
1363 1421 1430 1524 ,ἃς
1452 1425 1539 1510 (scil.
1560 1425 1664 1524 tilp-

257 1530 360 1616 srroc)
384 1533 457 1606 'loire
481 1530 623 1629 ciplrloerr
650 1529 802 1629 ereptione-t
826 1533 857 1606 'le
890 1529 944 1600 rai
970 1529 1094 1615 (lover.
1126 1529 1234 1627 χαίρει
1260 1526 1295 1601 il*
1316 1531 1388 1604 ‘loiri
1417 1529 1576 1604 nullom
1607 1531 1663 1602 lm

256 1635 358 1710 aie'lfi‘v.
379 1635 438 1698 cfr.
453 1637 554 1701 Arist.
575 1639 650 1704 Pol.
661 1641 702 1704 V.
721 1661 756 1722 p.
775 1641 843 1702 185.
864 1641 925 1703 Ed.
941 1639 1115 1723 Goettling.
1135 1632 1214 1711 «iria
1234 1633 1269 1706 li
1285 1627 1367 1711 ‘la‘ls
1388 1634 1492 1708 edna
1511 1634 1665 1725 λιχθίνἹα

255 1735 332 1838 neit
351 1740 490 1838 oningin
508 1743 546 1817 aia
566 1739 624 1811 tior
639 1742 668 1815 'is
687 1743 732 1816 iic
757 1742 950 1842 repentine,
975 1736 1008 1813 lo*
1029 1738 1092 1816 laic
1122 1739 1320 1837 eneplpovlac
1347 1740 1500 1815 κολούειν,
1526 1742 1582 1808 nal
1598 1733 1664 1813 ‘live

256 1845 449 1940 φξονημαἹιὶις
471 1845 612 1942 οἶνιιιμῗν.
653 1847 750 1908 Adde
777 1847 935 1928 Xenoph.
957 1844 1099 1907 Hieron.
1128 1865 1201 1929 cap·
1216 1849 1256 1912 V·
1292 1844 1490 1933 peponis-nourr
1517 1839 1577 1931 pair
1598 1840 1663 1940 peip

256 1941 339 2017 stilis
366 1942 441 2022 iiior
456 1951 512 2024 iiie
531 1951 648 2021 terelle
669 1944 733 2026 loric
759 1951 896 2036 κοσμίους
911 1948 940 2021 Ίι
968 1946 1020 2018 καὶ
1040 1947 1142 2032 repotia
1161 1948 1214 2018 nei
1233 1951 1373 2026 hennuc·
1406 1949 1517 2023 lailoun
1543 1954 1575 2017 t·
1600 1948 1664 2020 llll

251 2052 302 2125 'loti
321 2047 466 2139 ἄγασθαι
487 2056 649 2137 φοβοῦνΊαυ.
675 2051 739 2132 ‘loric
755 2050 815 2141 ple
832 2053 994 2147 deiectius,
1013 2053 1058 2140 pri
1069 2055 1096 2126 7¹
1110 2053 1280 2139 'lenuis-ort
1299 2055 1346 2130 ‘iis
1365 2054 1542 2148 ε’λουθιξίας
1560 2047 1662 2120 irruat.

251 2155 315 2233 iric
333 2154 367 2226 ii
386 2156 508 2242 roonis,
528 2157 573 2243 pl
589 2160 616 2231 it
637 2157 875 2247 ,inpatientiae
891 2153 955 2231 'lotis
973 2153 1007 2224 ii
1023 2156 1152 2232 δικαίους
1163 2151 1210 2240 pl
1224 2155 1403 2241 ἔπιθυμιῖη
1416 2153 1448 2230 ‘li
1465 2161 1586 2231 πλῖθος
1602 2155 1659 2224 tirr’

256 2260 351 2335 uv'loir
370 2262 608 2358 rporia‘lcirim.
638 2261 698 2324 clr.
710 2263 833 2325 'senae
856 2264 899 2324 de
919 2259 1034 2328 Benef.
1057 2261 1132 2328 Lib.
1147 2263 1190 2331 11.
1208 2265 1236 2322 6.
1254 2264 1313 2337 «5.
1331 2260 1525 2326 Grecinurn
1545 2265 1579 2322 C.
1593 2263 1662 2326 Cae-

255 2385 312 2432 sar
331 2367 458 2432 occidit
472 2363 517 2430 ob
533 2369 600 2430 hoo
616 2389 743 2452 unum,
764 2370 857 2450 quod
874 2365 998 2431 melior
1014 2365 1069 2428 vir
1083 2376 1169 2450 erat,
1190 2385 1293 2447 quarn
1308 2385 1378 2430 esse
1391 2379 1587 2448 quenquam
1608 2376 1664 2450 ¹5⁷?

255 2492 366 2536 ranno
386 2473 569 2556 expediret.
579 2473 598 2506 ”
620 2473 681 2546 cfr.
704 2475 801 2536 Auct.
822 2475 882 2557 Ep.
900 2473 926 2536 1.
948 2474 992 2533 ad
1009 2473 1088 2537 Caes.
1110 2473 1152 2534 de
1168 2472 1251 2539 Ord.
1270 2474 1355 2554 Rep.
1377 2492 1405 2533 c.
1427 2493 1454 2532 1.
1474 2511 1491 2545 «
1504 2470 1662 2555 plerique

256 2597 371 2642 rerum
390 2587 545 2662 potentes
563 2599 720 2663 perverse
743 2579 946 2660 consulunt,
969 2585 1003 2640 et
1023 2597 1064 2640 eo
1083 2597 1118 2640 se
1133 2563 1345 2660 potentiores
1365 2585 1505 2660 putant,
1526 2597 1596 2658 quo
1620 2576 1663 2638 il-

255 2681 298 2766 li,
330 2681 456 2765 quibus
477 2683 694 2768 imperitant,
720 2683 904 2766 nequiores
920 2681 1027 2748 fuere.
1043 2681 1064 2714 ’'
1085 2684 1163 2744 Tac.
1178 2681 1347 2765 Agriani.
1372 2684 1501 2756 ,Causa
1517 2680 1666 2764 periculi

255 2787 409 2850 infensus
423 2787 608 2850 virtutibus
623 2789 783 2873 princeps
801 2799 835 2852 et
852 2787 965 2873 gloria
975 2786 1069 2849 viri’'
1089 2796 1122 2850 et
1141 2787 1164 2848 l.
1176 2787 1199 2848 l.
1210 2785 1370 2861 ..sinistra
1381 2807 1461 2871 erga
1475 2785 1665 2850 eminentes

255 2889 510 2976 interpretatio,
538 2912 600 2954 nec
618 2893 733 2955 minus
747 2893 939 2975 periculum
953 2911 993 2953 ex
1010 2909 1135 2974 magna
1154 2890 1364 2972 famaquam
1385 2911 1426 2954 ex
1443 2891 1543 2952 mala.
1553 2891 1572 2922 ’'

344 2997 483 3078 Adepta
513 2993 692 3061 libertate.
734 2994 958 3077 Participium
986 2993 1123 3076 passiva
1158 2993 1410 3078 significatione
1443 3005 1481 3056 ut
1505 2994 1655 3077 saepius3

256 3099 366 3162 multa
396 3099 550 3180 exempla
582 3098 751 3182 congessit
781 3099 888 3161 Aulus
910 3097 1043 3160 Gellius
1063 3102 1102 3160 N.
1127 3101 1164 3164 Α.
1187 3100 1257 3165 XV.
1288 3103 1333 3162 ιδ.
1354 3099 1444 3183 Quia
1466 3107 1553 3183 part.
1578 3099 1661 3184 perf.

254 3203 380 3290 passivi
406 3203 529 3287 saepius
555 3201 608 3265 vis
629 3211 678 3266 est
705 3202 859 3285 passiva,
897 3213 1047 3284 quatuor
1077 3203 1262 3267 verborum
1290 3203 1474 3288 generibus
1500 3203 1662 3285 quintum

255 3309 485 3388 adjunxerunt
517 3307 772 3389 Gramntatici,
804 3309 898 3388 quod
932 3327 1121 3372 commune
1155 3307 1365 3392 appellatum
1393 3317 1453 3372 est.
1478 3307 1538 3372 cfr.
1572 3311 1661 3372 Cha·

255 3415 446 3498 ris.p.139.
481 3415 541 3480 Ed.
557 3415 691 3475 Putsch.
725 3411 925 3478 Commune
951 3413 1094 3476 verbum
1114 3409 1358 3501 intelligitur,
1388 3414 1489 3496 quod
1504 3435 1526 3477 r
1546 3411 1656 3479 litera

257 3517 480 3584 terminatur
500 3525 535 3580 et
555 3518 702 3582 eandem
724 3536 911 3598 nunquam
932 3513 1091 3602 amittit,
1112 3523 1148 3580 et
1169 3511 1208 3578 in
1231 3517 1322 3580 duas
1340 3515 1441 3581 cadit
1449 3525 1662 3602 potestates,

256 3620 399 3711 agentis
418 3629 454 3687 et
468 3619 666 3706 patientis,
690 3627 733 3684 ut
752 3623 926 3686 consolor
946 3617 1135 3686 criminor.
1168 3623 1323 3704 Quorum
1346 3622 1488 3702 quidem
1508 3623 1662 3707 vestigiis

256 3726 522 3814 ingrediendum
538 3735 610 3789 erat
626 3725 874 3790 recentioribus
889 3726 1147 3807 Grammaticis,
1167 3745 1279 3806 nequa
1298 3727 1465 3806 loquendi
1483 3745 1563 3814 usus
1587 3735 1661 3804 tan-

257 3836 361 3918 quani
379 3829 539 3896 insolitus
558 3833 744 3916 notandus,
765 3829 827 3912 qui
842 3829 974 3912 optimo
996 3829 1120 3910 cuique
1146 3827 1306 3911 scriptori
1336 3837 1386 3893 est
1411 3829 1660 3896 usitatissimus.

256 3937 453 4002 Accuratius
473 3936 510 3999 in
533 3938 622 3999 hanc
647 3955 720 4000 rem
741 3934 995 4018 inquisiverunt
1016 3933 1249 3997 Ruddimann.
1282 3935 1318 3996 P.
1335 3937 1361 3996 1.
1383 3954 1455 4020 pag.
1471 3938 1528 4001 285
1548 3945 1581 4002 et
1600 3941 1658 4021 275

258 4051 293 4107 et
313 4043 460 4108 struve.-

337 4144 518 4211 Creverat.
539 4123 635 4225 quod
655 4143 781 4227 aliquis
800 4142 925 4208 rectius
942 4127 1092 4227 putavit,
1112 4139 1217 4206 unius
1234 4143 1315 4206 Cod.
1337 4143 1660 4208 auctoritatcfirma·

262 4257 353 4334 turn,
373 4252 475 4314 credo
496 4250 590 4330 quod
610 4249 896 4315 constructionem
918 4249 1069 4314 Graecam
1094 4266 1116 4311 a
1134 4247 1285 4314 Salustio
1300 4255 1499 4332 ‘expressam
1519 4247 1655 4333 statuit,

1149 4371 1175 4431 ll
