4116 4970
1598 395 1662 470 sq

268 567 304 641 li
323 569 456 643 assirim
482 569 513 641 ir
528 569 583 645 iaia
604 563 706 644 xixus
721 567 776 642 lois
795 565 988 642 renituit<
1013 561 1166 663 dtilgtsstv.
1205 568 1253 628 Dc
1275 563 1353 629 aliis
1374 563 1459 648 aliis
1490 568 1533 630 de
1556 570 1667 634 Nerva

265 675 430 738 Eusebius
457 679 497 738 in
525 674 696 736 chronico.
735 675 786 734 De
812 674 999 735 Aureliano
1021 671 1204 755 Vopiscus,
1223 674 1266 734 dc
1288 671 1466 734 Hadriano
1486 671 1665 757 inscriptio

265 777 549 864 hieroglyphice,
571 777 609 840 in
636 776 786 840 obelisco
805 773 1057 858 Ludovisiano,
1084 795 1186 856 quem
1208 775 1349 855 quidem
1369 775 1511 838 Antinoi
1535 796 1666 840 memo-

265 883 328 950 riae
345 884 517 965 uindicat,
538 881 751 944 acutissimus
770 900 900 942 arcanae
925 881 1099 962 scripturae
1116 879 1298 962 interpres,
1318 880 1588 961 Campollonius..

347 987 489 1048 Publica
511 986 617 1068 igitur
637 992 733 1046 erant
753 983 817 1046 ista
840 982 1007 1064 aedilicia,
1029 1003 1091 1044 nec
1109 983 1248 1064 privatae
1272 988 1381 1046 solum
1405 986 1544 1048 Salustii
1565 987 1665 1050 luxu÷

266 1090 326 1154 riae
341 1089 547 1154 inserviebat
565 1091 744 1150 hortorum
760 1085 969 1148 vastissimus
985 1086 1143 1148 ambitus.
1174 1085 1309 1148 Scilicet
1330 1087 1395 1166 qui
1410 1089 1510 1152 aliter
1528 1099 1666 1174 statuat,

264 1203 298 1258 et
309 1202 386 1276 post
397 1191 691 1272 mortem'Salustii
707 1193 825 1253 hortos
837 1192 950 1252 credat
960 1189 1091 1273 populo
1106 1188 1267 1272 dona'tos,
1288 1189 1377 1254 circo
1390 1213 1527 1273 quoque
1532 1194 1666 1270 judicet

263 1297 302 1360 in
326 1299 486 1362 hominis
499 1297 642 1359 minime
666 1293 843 1378 popularis
868 1293 953 1355 villa
982 1313 1108 1376 paucos
1136 1292 1321 1356 familiares
1348 1315 1426 1360 usos
1448 1317 1527 1364 esse.
1564 1298 1665 1380 Quod

264 1401 295 1466 si
312 1405 355 1464 de
378 1403 495 1484 circo,
510 1401 656 1484 copiosae
672 1396 890 1462 multitudini
910 1396 1023 1458 ubivis
1045 1397 1201 1459 dedicato
1216 1417 1317 1460 nemo
1331 1408 1468 1484 statuet,
1487 1403 1666 1485 publicum

267 1525 351 1589 opus
370 1505 510 1568 Salustii
527 1525 631 1589 opera
647 1503 686 1566 in
705 1502 828 1586 populi
847 1521 946 1564 usum
969 1509 1026 1562 aut
1050 1511 1254 1564 exstructum
1275 1511 1332 1564 aut
1350 1503 1593 1587 amplificatum
1608 1509 1667 1569 de·

265 1609 495 1694 dicatorisque
522 1609 663 1672 nomine
691 1606 894 1692 insignitum
923 1605 1086 1676 dicemus.
1121 1606 1231 1688 Quam
1260 1605 1382 1668 ultimo
1410 1608 1487 1670 loco
1513 1607 1666 1672 indicavi

263 1733 339 1778 mea
357 1722 406 1778 est
427 1714 547 1797 opinio
567 1733 709 1794 eamque
725 1713 806 1795 tibi,
821 1711 997 1773 Francisce
1013 1710 1192 1792 Gerlachi,
1213 1711 1429 1793 comprobari
1445 1713 1666 1779 vehementer
1762 1721 1764 1726 ’
1842 1733 1844 1736 ·

264 1827 366 1900 opto,
389 1819 516 1901 quippe
537 1819 593 1880 cui
609 1819 862 1880 decernendum
879 1817 938 1899 sit,
960 1815 1195 1898 perversiusne
1220 1815 1263 1878 sit
1289 1815 1477 1878 recentium
1506 1817 1666 1902 regiona-

263 1921 395 1986 riorum
405 1921 581 1999 judicium
603 1941 646 1984 an
664 1919 825 1984 audacius
843 1939 959 1983 meum
986 1919 1247 2004 argumentandi
1264 1939 1381 2004 genus.
1421 1923 1525 1984 Erant
1545 1925 1666 2004 crede,

263 2025 439 2111 magnifici
452 2035 485 2090 et
508 2026 697 2110 sumptuosi
709 2029 943 2088 Romanorum
962 2025 1062 2106 circi,
1084 2044 1196 2104 neque
1210 2025 1390 2106 probabile
1408 2024 1473 2084 tibi
1490 2023 1666 2086 videbitur

262 2131 305 2193 in
324 2131 448 2215 exiguo
469 2130 636 2192 circorum
657 2149 801 2193 numero
825 2132 911 2191 duos
940 2129 1008 2190 sihi
1030 2128 1204 2209 proximos
1229 2127 1268 2189 in
1291 2129 1375 2189 urbe
1402 2125 1515 2190 fuisse.
1549 2129 1665 2191 Circus

264 2235 390 2317 Florae,
410 2243 533 2316 praeter
551 2233 641 2295 levia
666 2233 750 2295 Rufi
769 2232 985 2311 Victorisque
1005 2229 1222 2313 testimonia,
1240 2249 1260 2292 a
1280 2231 1398 2314 nullo,
1412 2238 1577 2311 quantum
1593 2232 1664 2297 scio

263 2329 434 2421 auctore,
450 2345 744 2400 commemoratur.
773 2337 841 2396 Sed
865 2333 969 2398 luerit
990 2335 1099 2400 Florae
1126 2333 1249 2413 circus3
1275 2335 1418 2398 ubinam
1439 2335 1538 2400 luit?
1578 2340 1665 2400 Nam

262 2463 378 2508 arcam
399 2441 629 2505 Barberiniam
653 2461 732 2502 eum
752 2458 948 2522 occupasse,
978 2443 1072 2520 quod
1099 2438 1284 2502 Nardinius
1306 2439 1409 2524 dicit,
1429 2449 1561 2526 pugnat
1584 2461 1664 2506 con·

262 2556 314 2612 tra
334 2547 443 2610 Fauni
464 2545 699 2608 auctoritatem
720 2543 777 2626 (l.
791 2542 859 2623 c.):;
889 2563 951 2606 nec
970 2543 1179 2624 contrarium
1199 2545 1312 2606 Fulvii
1338 2546 1572 2610 testimonium
1592 2567 1664 2614 esse

266 2652 413 2714 ridetur.
453 2647 638 2712 Alexandri
655 2645 783 2708 Donati
796 2647 913 2728 potior
936 2646 1021 2710 fides
1038 2657 1138 2732 esset,
1159 2649 1221 2730 qui
1245 2650 1377 2732 (Roma
1403 2653 1507 2716 Vetus
1530 2671 1569 2714 ac
1598 2656 1665 2716 Re-

262 2775 341 2820 cens
362 2757 423 2818 Ill.
451 2756 497 2816 15.
518 2775 552 2835 p.
566 2749 660 2832 365..)
688 2789 705 2824 <2
724 2749 840 2814 Circus
860 2753 982 2835 Florae,
1003 2751 1135 2835 inquit,
1165 2762 1236 2815 erat
1260 2753 1298 2815 in
1318 2754 1408 2816 valle
1434 2755 1547 2817 media
1573 2756 1665 2820 inter

262 2859 476 2946 Quirinalem
504 2867 537 2920 et
564 2856 741 2938 Pincium,
770 2855 909 2937 ejusque
933 2875 1066 2918 caveam
1100 2864 1134 2918 et
1157 2855 1299 2938 vestigia
1327 2857 1487 2918 sedilium
1513 2859 1664 2937 subjecta

263 2965 393 3030 edibus
420 2960 613 3024 Barberinis
635 2959 767 3042 aliquot
793 2959 893 3022 annis
907 2967 986 3022 ante
1005 2978 1108 3040 quam
1130 2977 1171 3022 ea
1188 2958 1288 3023 vallis
1307 2960 1407 3024 novis
1423 2961 1575 3025 edificiis
1594 2963 1663 3026 im-

261 3066 454 3151 pleretur.'’

344 3168 479 3232 Deinde
509 3164 651 3250 exponit
675 3167 717 3228 de
731 3167 1042 3230 substructionibus
1063 3167 1229 3253 mesatis,
1251 3189 1325 3250 quae
1349 3168 1393 3231 in·
1410 3175 1506 3252 parte
1525 3177 1662 3252 septen-

264 3272 404 3336 trionali
421 3293 537 3336 earum
556 3271 681 3334 aedium
704 3281 776 3333 tum
793 3272 954 3355 temporis
971 3271 1110 3337 fuerint.
1148 3274 1264 3336 Nolim
1281 3274 1425 3354 obloqui
1440 3273 1660 3337 meritissimo

239 3451 242 3456 .
261 3379 359 3462 siro,
372 3380 431 3441 sed
449 3389 562 3440 tamen
576 3398 631 3440 me
646 3376 737 3462 cogit
758 3376 916 3439 dubitare
937 3380 980 3440 de
993 3377 1090 3439 istius
1107 3377 1189 3440 circi
1207 3379 1274 3440 situ
1289 3378 1459 3440 rationum
1477 3378 1661 3442 evidentia.

263 3485 486 3566 compertum.
506 3491 595 3544 certe
616 3491 720 3566 esset,
748 3501 816 3561 qua
838 3483 880 3544 de
907 3499 1005 3542 eausa
1030 3484 1100 3544 duo
1122 3481 1206 3543 circi
1226 3481 1263 3544 in
1290 3485 1410 3546 eodem
1432 3484 1510 3546 loco
1532 3483 1661 3546 luerint

264 3586 457 3649 constructi.
488 3586 649 3650 Forsitan.
661 3585 786 3666 aliquis
806 3584 931 3648 dixerit
947 3595 1023 3668 post
1039 3585 1462 3668 Floralem,Salustianum
1482 3587 1585 3650 fuisse
1606 3609 1661 3652 ex·

263 3700 445 3772 structum,
474 3692 571 3769 quod
587 3690 648 3751 ille
669 3690 743 3771 ipsa
765 3689 860 3749 urbis
883 3689 993 3770 spatia
1012 3689 1241 3770 occupaverit,
1273 3691 1331 3751 sed
1354 3675 1456 3752 etiam
1473 3689 1659 3752 Salustiani

264 3793 351 3856 circi·
364 3791 536 3875 principia
555 3802 633 3854 ante
650 3791 801 3853 medium
823 3801 952 3852 sextum
976 3791 1136 3853 saeculum
1150 3790 1223 3866 jam
1242 3792 1405 3854 exstitisse
1431 3793 1547 3856 Livius
1568 3795 1661 3860 testis

264 3907 322 3961 est.
344 3897 425 3981 (cin
448 3899 546 3958 XXX.
569 3894 642 3976 38.)
676 3897 847 3956 inundato
866 3895 958 3956 enim
978 3894 1068 3969 circo
1089 3895 1263 3957 Flaminio
1284 3904 1376 3958 extra
1396 3905 1531 3980 portam
1550 3900 1660 3962 Colli·

267 4005 413 4064 named
443 4003 550 4063 aedem
577 4000 731 4082 Erycinae
762 3998 904 4062 Veneris
926 4001 1026 4062 ludos
1046 3997 1232 4062 celebratos
1254 3998 1311 4062 ait.
1342 4005 1470 4084 Nempe
1486 4003 1681 4066 Collinam*

263 4115 398 4188 portam
420 4105 555 4168 exeunti
582 4105 624 4166 ab
642 4104 817 4167 occidente
835 4103 1002 4165 orientem
1027 4123 1143 4166 versus
1159 4105 1299 4186 patebat
1316 4105 1424 4168 circus
1436 4107 1660 4169 Salustianus.
1714 4161 1717 4169 .

263 4211 403 4272 Poterat·
418 4228 499 4272 sane
523 4209 570 4291 is,
590 4229 692 4290 quem
711 4207 827 4272 Liuius
843 4207 995 4292 indicat,
1012 4208 1107 4272 locus
1128 4208 1231 4272 etiam
1251 4228 1273 4270 a
1297 4209 1527 4292 septentrione
1551 4210 1657 4282 meri·
