4108 4976
310 459 314 468 .
372 373 457 462 25⁰

385 566 465 632 stin.
479 585 509 646 9.
524 582 554 629 a.
582 559 621 628 in
639 553 901 626 successionem
921 552 1127 649 regni-in
1136 549 1330 649 familiam
1337 575 1546 641 nomenque.
1554 557 1694 652 Sueten.
1704 565 1787 634 Ges.

347 753 349 757 Ι
386 675 438 735 83.
470 674 514 737 de
541 669 647 738 verbo
664 666 877 733 substantivo
903 685 987 750 esse,
1012 667 1107 748 quod
1130 657 1166 729 'et
1190 665 1257 728 hoe
1285 663 1364 728 Ioco
1392 681 1511 729 omnes
1530 664 1616 728 libri
1638 668 1788 736 retinent

301 851 304 860 .
387 777 538 842 certius:
566 777 795 860 ‹Expungent
821 791 956 838 mecum
974 773 1119 836 verbnm
1145 768 1409 856 substantivum,
1437 770 1499 852 qui
1526 773 1648 840 Latine
1675 775 1789 841 sciunt

386 892 421 950 et
442 883 595 968 Crispum
616 887 760 958 norunt3
785 887 914 945 ceteros
934 877 987 942 nil
1008 885 1155 941 moror)
1181 878 1248 940 hoc
1268 883 1318 943 est
1338 876 1496 941 criticum
1516 875 1628 964 egere.
1659 863 1791 946 sceleri

387 985 475 1082 ejus.
500 1006 693 1073 pronomen
721 1003 788 1049 om.
812 988 888 1053 Vnt.
906 987 938 1060 3.γ
955 986 1016 1048 sed
1043 983 1148 1047 unius
1171 980 1257 1046 libri
1283 981 1467 1048 auctoritas
1485 1002 1559 1060 nep
1580 986 1660 1052 sutis
1679 985 1787 1052 firme.

387 1091 527 1161 nuum
556 1089 634 1158 isse.
662 1091 723 1158 eir.
744 1091 832 1156 Gell.
858 1091 914 1175 (N.
934 1089 990 1174 A.)
1020 1113 1049 1172 7.
1067 1092 1096 1153 5.
1126 1108 1269 1154 summa
1290 1084 1384 1166 enirn
1399 1085 1585 1179 professio
1604 1090 1788 1158 stultitias

386 1209 458 1286 est,
487 1221 563 1268 non
593 1197 648 1265 ire
674 1193 814 1265 obuiam
839 1193 1034 1261 sceleribus
1064 1191 1253 1286 cogitatis,
1282 1195 1348 1260 sed
1372 1216 1522 1260 monere
1548 1194 1787 1282 opperirique.

262 1359 264 1362 .
387 1307 460 1371 Liv.
479 1327 513 1391 7,
532 1329 568 1388 93
590 1327 626 1391 9,
648 1309 696 1368 26.
719 1323 791 1389 pro
813 1301 919 1368 bono.
940 1299 1146 1366 cfr.Sueton.
1159 1300 1249 1364 Tito.
1264 1321 1295 1382 7.
1313 1296 1680 1389 Atillteosamnpro
1693 1300 1787 1368 bono

386 1407 503 1476 cessit.
523 1411 656 1476 scilicet
673 1427 818 1494 praepos.
833 1427 906 1491 pro
927 1405 1013 1470 alias
1031 1404 1084 1468 nil
1104 1404 1201 1469 eliud
1222 1423 1326 1487 quam
1347 1411 1473 1470 certam
1493 1407 1666 1487 quandam
1691 1408 1789 1473 simi·
1856 1405 1858 1408 ’

386 1516 571 1582 Iitudinem
592 1513 778 1600 significat,
807 1515 867 1578 sed
887 1512 1051 1575 hocloco
1073 1511 1121 1574 ita
1139 1511 1270 1596 posite,
1303 1521 1342 1576 ut
1362 1515 1456 1594 quod
1476 1529 1553 1597 pur,
1586 1515 1716 1596 equale
1736 1523 1788 1578 at-

387 1641 456 1706 que
474 1621 568 1687 idem
588 1628 657 1703 est,
688 1618 866 1704 exprimat.
887 1615 947 1681 ct'r.
967 1618 1039 1689 cet.
1059 1619 1107 1680 15.
1130 1636 1204 1700 pro
1227 1623 1328 1682 certo
1353 1612 1526 1682 creditur.
1555 1623 1644 1680 Curt.
1661 1636 1689 1688 r.
1708 1641 1735 1684 r.
1753 1622 1787 1698 63

387 1725 537 1790 eundem
560 1721 774 1814 conjurasse
793 1743 875 1790 cum
891 1703 1084 1788 Pausania
1097 1741 1172 1804 pro
1194 1729 1379 1805 comperto
1389 1715 1485 1813 fuit.
1512 1724 1589 1786 Tse.
1606 1723 1719 1808 Agris.
1735 1729 1787 1792 3ο.

387 1840 500 1913 utque
528 1849 633 1895 omne
655 1825 822 1917 ignotum
846 1847 919 1912 pro
944 1823 1139 1916 magnifico
1171 1832 1233 1890 est.
1261 1829 1343 1891 Caes.
1363 1831 1405 1916 B.
1421 1828 1462 1890 G.
1473 1830 1501 1890 6.
1513 1850 1542 1909 7.
1576 1826 1671 1892 nisit
1688 1829 1788 1894 hunc

285 1947 286 1952 ’
385 1956 424 2000 sc
443 1927 591 2000 absente
605 1954 678 2017 pro
698 1954 790 1999 sano
801 1929 1002 2024 facturum
1023 1929 1241 1995 arbitratus.
1250 1929 1572 2020 -prohibuerint,
1590 1938 1684 2017 quod
1705 1937 1789 1998 Gor·

386 2039 454 2104 tius
474 2061 494 2106 e
514 2040 644 2104 Febric.
671 2061 697 2103 r.
718 2038 863 2123 recepit,
889 2037 1007 2103 nullus
1027 2055 1067 2102 cx
1088 2039 1194 2102 Codd.
1215 2036 1345 2101 Italicis
1364 2037 1479 2107 hebet.
1507 2058 1614 2120 quere
1634 2059 1705 2102 non
1725 2041 1787 2102 ed·
1807 2059 1811 2066 ·

385 2146 466 2210 duci
485 2165 622 2231 possum
630 2188 641 2230 ‚
664 2153 703 2210 ut
721 2147 892 2231 pluralem
917 2164 1101 2208 numerum
1125 2163 1244 2208 verum
1265 2161 1337 2208 esse
1351 2141 1522 2222 judicem
1543 2143 1689 2208 maxime
1709 2163 1786 2208 cum
1873 2225 1875 2231 Ι
1963 2225 1972 2235 Ι

386 2252 424 2316 in
447 2251 516 2314 illa
538 2253 723 2318 verborum
750 2258 919 2317 structura
946 2247 1164 2315 defendenda
1188 2249 1321 2335 priores
1341 2249 1543 2335 interpretes
1563 2249 1686 2334 saepius
1714 2270 1789 2314 mo·

385 2359 469 2420 dum
488 2357 701 2425 excesserint.
1174 2381 1175 2384 ¹

468 2464 549 2545 Cap.
570 2463 691 2526 XXIII.
712 2455 924 2525 dr'scessisse.
945 2461 1037 2524 Med.
1060 2482 1089 2541 7.
1109 2462 1194 2527 Ven.
1210 2465 1241 2524 3.
1262 2461 1338 2526 Vct.
1358 2481 1385 2529 1.
1406 2477 1434 2524 a.
1448 2475 1477 2539 4.
1497 2464 1527 2527 5.
1547 2461 1653 2526 ceteri
1674 2463 1789 2527 deces-

387 2562 476 2646 sisse
495 2567 656 2631 retinent.
677 2563 792 2630 armis
802 2566 825 2630 i.
834 2586 863 2631 e.
875 2585 979 2630 monn
989 2585 1049 2630 seu
1059 2565 1103 2630 vi.
1113 2565 1228 2630 simile
1240 2549 1463 2651 prover'binm
1475 2570 1566 2651 apud
1580 2566 1649 2631 Cic.
1663 2569 1706 2631 de
1720 2561 1787 2631 Off.

387 2689 418 2736 a.
435 2686 490 2750 243
510 2667 625 2734 armis
644 2678 682 2734 et
703 2675 837 2734 castris
858 2678 1004 2754 tentato
1024 2693 1083 2736 res
1103 2680 1158 2736 est
1173 2671 1220 2736 ob
1242 2669 1345 2738 omni
1359 2693 1491 2762 genere
1510 2669 1705 2738 hominurn.
1727 2671 1788 2734 cir.

387 2797 459 2862 cap.
482 2797 532 2859 sq.
552 2815 594 2830 -
613 2781 810 2843 ostentare.
832 2774 912 2839 vide
935 2775 1025 2840 infra
1045 2797 1072 2840 c.
1094 2771 1145 2840 66.
1164 2778 1243 2840 Tac.
1265 2777 1354 2841 Hist.
1372 2782 1401 2845 3.
1420 2780 1476 2859 783
1498 2785 1531 2840 et
1552 2781 1578 2840 5.
1600 2794 1647 2854 24.
1673 2779 1790 2842 Boto-

387 2881 436 2948 ris
451 2903 597 2968 pacem,
617 2878 727 2950 Civili
745 2877 882 2947 veniam
899 2889 1099 2947 ostentans.
1116 2921 1157 2938 -
1177 2879 1316 2973 erigere
1336 2903 1376 2947 ex
1393 2882 1520 2946 ItalicIs
1534 2885 1641 2947 Codd.
1660 2884 1789 2948 hebent

289 3027 292 3035 ‹
388 2991 478 3053 Med.
503 3011 529 3052 r.
552 3007 580 3052 2.
601 3011 630 3070 7.
651 2991 680 3051 8.
710 2990 795 3053 Ven.
810 2993 842 3053 3.
870 2990 946 3053 Vnt.
960 3004 988 3048 2.
1009 2991 1039 3055 3.
1062 3003 1091 3063 4.
1110 2991 1139 3050 5.
1167 2987 1254 3050 Min.
1277 3009 1304 3050 ι.
1324 3003 1353 3056 a.
1380 2989 1472 3053 Flor.
1487 3010 1514 3050 1.
1533 2988 1613 3070 yide
1636 2988 1737 3052 catil.
1761 3009 1789 3051 e.

388 3098 440 3172 39.
462 3103 559 3157 vetus
588 3103 772 3158 certamen
801 3090 945 3158 animos
965 3113 1091 3158 eorum
1112 3091 1271 3178 arrexit,
1296 3103 1330 3159 et
1357 3092 1448 3156 infre
1464 3095 1521 3173 843
1551 3103 1736 3176 utrumque
1756 3102 1789 3156 et

387 3193 554 3285 arrigere
573 3207 606 3261 et
627 3195 764 3285 erigere
782 3200 871 3262 bene
891 3198 1013 3263 Latine
1033 3199 1176 3283 dicitur,
1210 3201 1270 3263 sed
1295 3197 1394 3264 illuc
1416 3199 1634 3284 retinepdum
1653 3199 1796 3262 ridetur·

387 3303 482 3382 quod
503 3301 612 3388 magis
631 3311 681 3366 est
701 3301 891 3365 insolitum.
903 3321 1062 3384 prorsus
1091 3299 1265 3370 intentus.
1285 3304 1366 3367 vide
1386 3302 1477 3366 inire
1498 3309 1547 3367 3ο.
1569 3305 1617 3368 ito
1633 3325 1790 3388 prorsus

301 3415 316 3478 “,
387 3391 571 3486 sepissime
591 3411 683 3490 opud
703 3409 903 3472 Ciceronem
923 3407 1081 3471 occurrit.
1104 3407 1142 3471 in
1164 3415 1326 3473 extremo
1346 3407 1439 3472 sitos
1458 3411 1480 3472 i.
1500 3429 1528 3474 c.
1550 3411 1588 3472 in
1602 3420 1789 3474 extremum

387 3508 565 3591 adductas,
592 3515 686 3588 quod
705 3511 828 3592 saepius
847 3513 983 3596 legitur.
1017 3514 1108 3576 duos
1128 3533 1246 3578 omnes
1275 3512 1359 3577 libri
1378 3515 1491 3578 Italici
1512 3517 1649 3579 hebent.
1683 3510 1790 3578 mese·

389 3611 509 3678 'rando
529 3611 553 3678 i.
574 3631 603 3676 e.
623 3615 876 3694 conquerendo.
899 3612 962 3675 cfr.
978 3614 1057 3677 Tac.
1077 3616 1162 3675 Ano.
1184 3619 1213 3678 3.
1232 3637 1278 3698 ¹7·
1315 3613 1486 3701 ipsius-
1504 3637 1788 3710 grovemcasurn

389 3719 598 3800 miseratus3
619 3728 652 3784 et
672 3718 794 3804 saepius
814 3719 910 3784 olibi.
933 3727 1083 3786 ceterum
1104 3719 1142 3782 in
1163 3722 1227 3784 hac
1242 3719 1418 3788 locutione
1439 3745 1552 3806 neque
1576 3726 1709 3808 multo,
1730 3741 1791 3788 ne-

389 3841 456 3901 que
475 3843 593 3910 suum,
620 3815 714 3908 quod
738 3823 818 3888 aliis
833 3825 919 3888 Iocis
943 3835 1136 3910 suspectum
1155 3827 1278 3911 visum,
1299 3829 1454 3892 Cortium
1474 3825 1630 3900 offendit.
1645 3849 1789 3911 pronu-

389 3937 486 3988 mum
498 3947 599 3990 more
619 3929 642 3990 i.
655 3949 685 3997 e.
707 3949 800 3994 mare
813 3931 875 3992 ubi
895 3949 1100 4013 proxumum
1121 3929 1197 4017 tuit,
1217 3953 1278 3997 seu
1296 3953 1464 4016 proxuma
1482 3935 1538 3998 vie
1552 3937 1595 3996 ad
1608 3941 1790 3996 mureten-

390 4037 520 4100 derent.
544 4031 672 4114 similia
690 4043 769 4098 sunt
794 4055 955 4098 summus
974 4057 1094 4114 mons,
1126 4035 1249 4122 infima
1282 4036 1387 4101 vallis
1415 4047 1476 4104 etc.
1509 4036 1681 4122 efficiunt.
1706 4036 1732 4100 i.
1759 4055 1787 4100 e.

389 4138 585 4224 perficiunt,
606 4150 847 4220 exsequuntur.
869 4140 938 4208 Cic.
959 4143 1042 4226 Epp.
1061 4142 1160 4208 Attio.
1185 4165 1211 4204 ι.
1229 4158 1274 4218 re.
1296 4144 1474 4208 mandata
1495 4144 1603 4227 effice,
1621 4163 1715 4225 quoe
1733 4162 1791 4205 re-

356 4301 360 4308 .
389 4244 525 4326 cepisti.
551 4246 597 4314 id.
619 4249 662 4312 de
681 4248 784 4334 Legg.
807 4267 834 4312 1.
852 4249 880 4310 5.
917 4243 1023 4337 cujus
1041 4244 1200 4312 muneris
1225 4245 1370 4311 colendi
1397 4245 1644 4332 efficiendique
1675 4267 1790 4310 causa
