4108 4976
394 377 464 460 666

392 571 499 640 atiud
515 591 560 640 er
581 577 656 641 olto
679 569 837 660 impedit.
851 611 885 629 .-
908 571 1124 646 Bomilcari.
1145 578 1188 643 dc
1207 594 1248 642 eo
1267 575 1349 642 ride
1366 575 1458 642 infra
1480 573 1727 664 6661661616.
1749 589 1801 652 66.

392 703 443 763 70.
458 704 507 762 7¹·
526 700 576 763 7²·
591 701 779 764 proxumo
802 681 824 743 i.
843 699 872 750 6.
891 681 951 763 qui
971 683 1004 746 ci
1019 683 1057 747 in
1075 682 1207 747 intimis
1229 689 1318 758 crat,
1337 701 1408 766 quo
1420 683 1612 768 plurimum
1623 689 1800 774 utebatur3

391 787 576 870 eapissime
591 787 638 850 ita
655 807 775 872 regum
797 785 900 849 amici
919 796 953 852 et
969 787 1118 851 ministri
1135 788 1305 852 dicuntur.
1321 796 1434 873 paret
1444 789 1572 854 omisso
1585 799 1645 872 at3
1665 792 1726 856 cir.
1739 813 1799 862 m·

391 911 454 976 pra
474 893 671 976 persuadet
684 931 726 945 -
734 899 852 975 petat.
874 892 911 954 id
929 895 1022 974 quod
1043 893 1169 978 aaepiue·
1180 893 1229 956 fit.
1250 893 1310 958 cfr.
1327 893 1499 958 Ruddim,
1509 912 1540 966 a.
1560 900 1630 962 2³6.
1645 903 1797 974 nacto.

391 993 626 1061 insidiatores
646 996 837 1064 Massivae·
857 996 1040 1062 Massivae
1060 1000 1179 1063 tertius
1197 1003 1302 1062 casu's.
1321 1001 1414 1062 houd
1428 1019 1508 1064 ram
1524 1001 1619 1065 enim
1638 1004 1797 1069 substan·

393 1103 461 1167 tiva
472 1103 627 1167 verbalia
640 1103 738 1170 verbi
756 1122 870 1165 casum
884 1112 1018 1188 regunt.
1039 1103 1100 1168 cir.
1115 1103 1278 1166 Ruddim.
1290 1105 1371 1173 1661.
1382 1105 1487 1170 (16.1..
1501 1123 1530 1170 a.
1548 1107 1600 1171 66.
1619 1107 1679 1171 cir.
1693 1129 1796 1195 66666

391 1212 463 1274 Cat.
483 1214 533 1276 36.
555 1231 600 1273 oc
614 1229 783 1286 maxume
803 1210 946 1272 occulte
972 1208 995 1272 i.
1022 1229 1051 1276 e.
1068 1216 1103 1273 et
1120 1207 1337 1294 potissimum
1357 1209 1499 1291 quidem
1511 1209 1560 1301 id
1579 1214 1712 1278 occulte
1731 1215 1795 1280 fic·

365 1315 420 1379 -ri
440 1314 561 1378 voluit.
581 1314 631 1377 ita
648 1333 750 1396 supra
767 1332 838 1398 666.
856 1328 903 1389 64.
925 1321 993 1378 aut
1011 1333 1082 1397 qno
1098 1309 1329 1395 potia-timum
1351 1308 1483 1403 infelin
1503 1318 1685 1384 accedam.
1712 1320 1795 1386 vide

343 1505 347 1512 .
388 1421 480 1484 infra
491 1439 563 1504 cap.
577 1421 626 1494 46.
642 1419 852 1502 persuadet,
872 1414 932 1482 uti
941 1418 1184 1507 Jugnrtltam,
1201 1439 1371 1484 maxume
1391 1416 1521 1506 vivum,
1539 1405 1597 1484 ein
1610 1419 1652 1486 id
1655 1444 1793 1505 parum

385 1524 616 1610 procederet,
634 1531 804 1614 necatum
825 1519 897 1586 sibi
915 1523 1114 1587 traderent.
1126 1559 1169 1578 -
1180 1519 1350 1615 artifices.
1369 1524 1443 1588 haec
1457 1543 1525 1588 vox
1544 1528 1589 1588 ad
1606 1527 1703 1590 varia
1720 1539 1793 1592 stu*-

389 1629 528 1694 diorum
546 1647 672 1715 genera
687 1625 847 1706 referum
880 1626 1044 1713 pictores,
1063 1628 1233 1713 stamarii,
1253 1629 1445 1712 saltatores,
1465 1629 1606 1715 medici,
1621 1633 1793 1716 66616666

386 1734 449 1799 alii
468 1739 536 1799 hoc
550 1734 692 1798 nominc
712 1733 981 1818 appellantur.v.
1002 1755 1031 1797 c.
1049 1736 1127 1798 Tac.
1146 1735 1235 1802 Ann.
1253 1753 1300 1797 66.
1315 1735 1364 1802 66.
1379 1734 1524 1798 locusta
1534 1730 1674 1824 ortifoc
1688 1757 1791 1802 νεπε·

387 1841 430 1904 ni
454 1843 592 1905 Sueton.
612 1841 719 1927 Calig.
734 1845 783 1905 36.
804 1837 907 1902 miles
927 1837 1136 1903 decollandi
1152 1834 1357 1929 ortisan-
1369 1833 1522 1903 insidiae
1541 1839 1695 1906 tetendit
1712 1843 1790 1908 Vat.

387 1941 495 2009 licui
512 1945 613 2030 66661
628 1965 670 2012 cx
689 1947 780 2013 cort.
815 1944 1023 2008 adsentiunt.
1043 1947 1103 2008 aed
1115 1944 1276 2027 66666161
1286 1943 1515 2027 plurimorum
1526 1944 1697 2008 librorum
1709 1965 1790 2012 auo·
1809 2003 1810 2008 ,

386 2051 515 2115 toritas.
538 2049 603 2134 qui
620 2051 672 2115 ad
688 2051 831 2116 caedem
846 2045 983 2134 parati
999 2055 1118 2115 erant.
1137 2050 1211 2114 ltaec
1227 2048 1362 2114 Cottius
1381 2055 1535 2133 66666616
1548 2050 1687 2135 habuit,
1705 2052 1788 2134 quia

385 2159 566 2222 commode
587 2155 702 2221 omitti
720 2175 820 2242 posse
835 2139 1051 2221 videbantur.
1070 2153 1248 2220 brevitatis
1260 2153 1413 2221 studium
1421 2154 1528 2220 etiam
1544 2156 1696 2220 hocloco
1708 2176 1809 2238 eum,

383 2263 422 2327 in
439 2283 591 2328 errorem
607 2262 753 2330 induxit.
764 2259 983 2326 -indicium
998 2263 1198 2354 profitetur
1217 2261 1240 2326 i.
1262 2279 1292 2326 6.
1311 2260 1422 2328 faceta
1441 2259 1622 2326 indicium.
1636 2259 1696 2326 cir.
1709 2264 1789 2326 Tac.

381 2370 469 2432 Ann.
483 2373 513 2432 6.
527 2373 557 2433 ³.
576 2365 982 2453 cummumeupplicium
991 2368 1265 2454 decernebatur,
1286 2362 1329 2432 ni
1341 2362 1531 2458 profertur
1542 2361 1789 2458 indiciumfo·

384 2471 625 2540 ret-indic.
648 2475 769 2556 offere.
789 2476 867 2540 Tac.
882 2477 971 2540 Ann.
983 2476 1093 2538 11.³⁵.
1113 2475 1227 2540 habet.
1242 2473 1312 2538 Cic.
1324 2474 1523 2558 Epo-Atta.
1539 2485 1589 2550 24.
1610 2469 1787 2538 indicium

382 2581 586 2662 postutare.
609 2601 653 2642 ea
672 2599 789 2661 aequo
808 2587 845 2642 et
861 2579 966 2644 bono.
985 2582 1060 2645 Vat.
1074 2582 1105 2643 6.
1126 2600 1242 2664 aequo
1257 2577 1363 2644 bono.
1382 2580 1497 2656 Vat.4.
1517 2581 1577 2644 aed
1589 2578 1627 2643 in
1636 2577 1786 2642 solemni
1805 2639 1810 2650 ,

380 2684 532 2748 formula
553 2686 607 2750 hae
626 2702 726 2748 voces
748 2683 872 2767 copula
887 2683 1012 2764 juncta
1029 2693 1124 2764 sunt3
1145 2685 1182 2748 id
1205 2687 1299 2766 quod
1315 2683 1784 2770 innumerosoriptoruman-

380 2793 556 2873 liquorum
576 2791 654 2854 loca
671 2791 804 2854 docent.
825 2785 1051 2881 manffeatue.
1073 2789 1132 2856 cfr.
1154 2793 1223 2855 Cat.
1243 2807 1282 2868 4-6
1302 2799 1336 2854 et
1356 2793 1405 2854 66.
1424 2789 1801 2864 Ρ1661.Τ666.ι.6.5ο.’

379 2893 663 2984 -manisertarn
684 2893 866 2962 mendacii
883 2898 984 2963 mala
1005 2904 1041 2961 te
1061 2905 1173 2962 teneo.
1194 2891 1367 2963 obmittit.
1389 2897 1521 2978 Med.8.
1540 2891 1622 2959 niti.
1644 2893 1784 2960 61666·

379 3025 442 3089 666
452 3009 501 3068 31.
509 3025 580 3088 pro
592 3002 762 3068 libertate
771 2998 853 3066 niti.
862 3007 933 3066 Cat.
947 3004 995 3064 66.
1004 3009 1139 3067 contro
1152 3021 1213 3067 eoa
1222 3023 1364 3066 summo
1372 3021 1441 3085 ope
1447 2997 1636 3065 nitebatur
1649 2996 1784 3068 nobili·

379 3117 587 3192 tan-supro
594 3107 768 3198 gratiam.
780 3113 961 3194 haecpraep.
969 3091 1700 3193 aaepiusoccurritinformulatnihilenpra.
1710 3106 1782 3172 cie.
1891 3137 1895 3144 ·

377 3216 611 3300 Epp.Att.13.
638 3236 682 3295 ¹9·
711 3215 768 3277 ita
791 3222 982 3297 accurate,
1010 3221 1054 3276 ut
1078 3210 1175 3277 nihil
1189 3220 1311 3297 poratt
1331 3233 1460 3296 rupro3
1488 3220 1522 3276 ct
1542 3211 1666 3296 6666166
1684 3213 1781 3278 alibi.

377 3317 416 3384 in
431 3317 562 3402 priore
582 3318 739 3384 actione.
759 3318 849 3382 aetio
868 3327 917 3382 661
928 3317 1017 3397 juris
1036 3317 1264 3401 persequendi
1281 3317 1370 3381 ratio
1391 3317 1429 3380 in
1444 3315 1597 3397 judici03
1618 3321 1677 3383 aed
1697 3317 1782 3402 qnia
1819 3347 1823 3352 ·

356 3501 357 3506 ἵ
377 3425 421 3486 dc
442 3427 560 3486 eadem
581 3443 618 3485 rc
638 3424 759 3506 saepius
775 3424 947 3502 judicium
957 3423 1070 3507 fiebat,
1090 3423 1205 3506 plures
1219 3423 1369 3488 actiones
1382 3431 1615 3488 numerantur.
1636 3421 1697 3488 cir.
1708 3425 1779 3489 016.

376 3530 461 3593 Actt.
483 3525 521 3589 in
540 3528 699 3608 Verrem,
720 3535 754 3588 ct
775 3547 853 3606 6666
868 3528 965 3607 alios,
987 3535 1061 3586 tum
1080 3527 1225 3590 Brisson.
1246 3529 1497 3594 accuratissime
1516 3529 1583 3592 hac
1604 3527 1779 3594 derecte-

374 3641 564 3720 putantem.
584 3635 701 3693 metus
719 3667 763 3682 -
772 3623 943 3711 parendi
975 3635 1147 3712 metucns,
1175 3648 1218 3694 66
1245 3611 1355 3694 aniani
1380 3633 1645 3719 popularium.a
1656 3653 1700 3712 ,ac
1717 3634 1779 3698 ab·

376 3741 619 3824 alienarentur,
637 3737 692 3800 rel
714 3757 758 3800 ne
778 3735 893 3812 ceteri,
911 3741 1005 3798 meta
1025 3733 1189 3820 perculsi,
1208 3755 1327 3819 parere
1337 3737 1405 3802 sibi
1418 3723 1564 3808 nollent.
1586 3737 1711 3806 urbem
1724 3759 1778 3806 re-

360 3846 507 3910 notem.
527 3844 586 3907 616.
606 3841 679 3906 Lir.
689 3841 777 3925 Epit.
794 3843 845 3918 64.
865 3841 927 3922 qui
945 3839 1261 3919 interjectionemO
1280 3844 1460 3927 66666611.
1477 3845 1539 3916 cir.
1555 3846 1661 3912 etiam
1676 3845 1775 3910 Orat·

374 3955 404 4020 5,
424 3951 469 4013 15.
493 3954 553 4012 sed
566 3950 635 4016 Liv.
654 3948 693 4012 in
710 3969 750 4012 ca
769 3966 907 4031 quoquc
925 3965 962 4010 66
978 3944 1152 4030 dissentit,
1172 3949 1267 4028 quod
1278 3947 1483 4034 lugurtlmn
1494 3951 1583 4020 61666
1595 3952 1682 4018 urbo
1693 3967 1777 4036 pno-

372 4055 499 4143 fugissc
520 4053 614 4118 dicit.
1036 4121 1038 4124 ,

350 4175 361 4188 ’·
451 4167 532 4248 Cap.
552 4159 698 4228 XXXVI.
719 4154 797 4224 alia
818 4179 921 4241 quae.
941 4159 1060 4236 Vat.4.
1081 4178 1198 4243 m..pr.
1218 4159 1348 4242 probo,
1367 4179 1445 4224 eum
1467 4161 1572 4227 ctiam
1590 4155 1671 4226 aliia
1687 4158 1777 4224 16616

329 4255 333 4264 ’
372 4269 496 4354 666616
513 4268 640 4335 omissa
657 4263 713 4334 ait.
733 4259 874 4331 t'rtrtore
892 4265 918 4336 1.
938 4283 967 4332 6.
986 4265 1151 4333 hostibus.
1171 4263 1309 4332 obviam
1328 4266 1453 4350 ducere
1464 4274 1499 4336 et
1510 4266 1683 4356 higientea
1692 4281 1776 4354 pore
