4108 4976
1490 483 1493 490 ι
1566 378 1661 459 255

258 575 390 643 toritas
434 570 661 661 Sempronia.
688 595 753 653 ..ex
781 593 849 659 qua
873 573 1060 667 provinoIa
1084 569 1339 661 magistratibus
1358 571 1516 638 nondum
1542 574 1666 644 mentiz

260 702 282 746 a
299 689 419 748 senatu
438 683 710 748 decernebantur
729 681 836 765 idque
855 681 1068 768 praecipuum
1082 681 1155 762 ejus
1168 688 1269 766 eaput
1281 677 1379 747 tuit.»
1392 679 1457 744 eir.
1478 682 1558 746 Ern.
1571 683 1663 748 clar.

259 789 330 854 Cic.
350 809 414 875 pro
422 790 545 855 Domo.
558 809 588 871 9.
608 788 824 875 ..provincias
841 789 1037 854 consideres
1059 791 1097 853 G.
1118 789 1291 852 Gracchus
1307 805 1380 850 non
1389 789 1495 852 modo
1515 808 1587 852 non
1602 790 1665 852 ab·
1707 845 1734 854 ,,

258 894 356 960 stulit
377 883 554 981 asenam,
574 899 635 961 sed
654 893 774 979 etiam,
793 902 832 956 ut
852 911 989 960 necesse
1012 903 1109 979 esset,
1135 892 1322 977 quotannis
1345 891 1509 956 constitui
1528 914 1591 978 per
1610 913 1664 962 sa-

168 985 171 990 ’
257 1010 395 1084 natum,
427 1003 562 1066 decreta
581 1002 660 1086 lege
683 999 827 1065 sanxit*
855 998 914 1064 eir.
934 1003 1019 1087 Epp.
1042 1023 1069 1064 ι.
1088 1019 1137 1082 ²7·
1165 1017 1230 1084 pro
1254 998 1360 1062 Balbo
1382 1015 1440 1080 27.
1453 1006 1488 1064 et
1502 1000 1597 1066 Orat.
1620 1003 1665 1068 de

257 1104 447 1190 provinciis
457 1105 663 1169 oonsularib.
704 1105 881 1191 P..Seipio
893 1102 1045 1177 Nasica.
1068 1105 1129 1170 cfr.
1139 1106 1207 1170 Cic.
1221 1107 1312 1193 Brut.
1325 1107 1374 1180 54.
1390 1113 1423 1169 et
1435 1107 1478 1170 de
1489 1099 1557 1170 Off.
1571 1129 1597 1172 r.
1610 1111 1661 1170 30.

255 1211 299 1278 L.
319 1207 445 1278 Bestia
467 1208 702 1296 Calpurnius.
722 1215 767 1279 de
794 1213 930 1279 inverso
951 1213 1133 1278 nominum
1154 1211 1278 1278 ordine
1302 1210 1384 1276 vide
1408 1211 1536 1296 praefat.
1555 1233 1590 1296 p.
1611 1213 1663 1276 52.

256 1319 301 1381 de
322 1317 430 1401 ipsius
447 1326 570 1382 natura
590 1318 659 1382 Cio.
679 1321 723 1384 de
743 1319 803 1383 Or.
824 1337 860 1406 a,
881 1341 939 1402 7⁰5
959 1323 1050 1389 Brut.
1061 1325 1112 1398 34.
1133 1313 1325 1383 declarati.
1344 1317 1383 1382 id
1403 1319 1448 1382 ad
1466 1336 1661 1402 praeconem
1699 1349 1701 1356 ⁴

254 1422 405 1505 pertinet
434 1421 601 1508 cfr.‚Virg.
623 1425 708 1496 Aen.
728 1427 756 1489 5.
779 1431 849 1503 245.
868 1425 1055 1502 ..viatorem
1074 1445 1198 1510 magna
1213 1423 1382 1509 praeconis
1406 1442 1491 1490 roae
1512 1424 1664 1488 declarat

256 1527 500 1597 Cloanthum.I
520 1538 553 1593 et
573 1529 641 1594 Gis.
660 1551 726 1614 pro
747 1534 913 1597 Muraena
928 1550 958 1594 2.
974 1531 1037 1595 ubi
1048 1527 1115 1596 hoo
1131 1519 1273 1614 quidem
1285 1531 1330 1592 ad
1342 1528 1467 1613 ipsum,
1483 1527 1663 1610 quicomi.

254 1634 441 1720 dehabet,
472 1637 648 1702 consulem
669 1635 830 1717 refertum
860 1637 1046 1702 sedetiam
1072 1656 1113 1702 eo
1142 1636 1221 1700 loco
1247 1635 1387 1719 proprie
1408 1633 1664 1719 pracointelli-

254 1743 386 1825 gendus
406 1751 474 1826 est,
501 1741 564 1825 qui
584 1763 680 1826 eum,
705 1743 767 1825 qui
788 1741 949 1826 plurimis
969 1735 1142 1825 suffragiis
1165 1748 1296 1803 oreatus
1316 1748 1381 1824 est,
1411 1740 1588 1804 consulem
1609 1761 1662 1806 re-

255 1843 408 1910 nuntiat.¹
419 1854 650 1930 portaretur.
671 1846 834 1910 similiter
853 1849 936 1910 Cres.
957 1849 993 1908 B.
1014 1844 1158 1928 62115,
1179 1848 1229 1911 al.
1256 1844 1416 1908 utnulla
1428 1845 1547 1928 navis,
1569 1866 1663 1927 quae
1742 1861 1745 1874 ¹

254 1947 389 2014 milites
404 1947 583 2036 portavit,
591 1945 871 2017 desideraretur.
891 1946 1049 2046 aliaque.
1070 1935 1164 2033 quae
1181 1969 1249 2015 om.
1269 1952 1354 2020 Ven.
1381 1967 1411 2020 2.
1434 1952 1661 2032 queam-Vnt.

257 2075 284 2116 1.
308 2055 431 2137 probo.
470 2067 474 2071 '

334 2161 415 2243 Cap.
434 2161 586 2227 XXVIII.
608 2166 743 2224 eontra
762 2179 870 2244 spem.
890 2141 981 2224 reete
994 2158 1129 2224 Cottius
1149 2177 1214 2244 pro
1238 2159 1405 2238 adjectivo
1424 2159 1576 2244 positum
1590 2177 1662 2228 esse

253 2265 385 2344 statuit3
407 2261 606 2349 insperato.
627 2268 687 2330 sed
704 2266 819 2330 minus
834 2265 971 2330 idoneis
987 2265 1152 2350 exemplis
1167 2267 1261 2328 huno
1276 2267 1376 2328 usum
1392 2265 1561 2348 loquendi
1577 2286 1662 2332 con·
1748 2259 1752 2268 ’

252 2368 375 2438 firmat.
402 2391 526 2434 renum
553 2369 616 2434 ire.
647 2373 742 2453 quod
765 2371 891 2457 optimi
916 2375 1023 2436 Codd.
1043 2373 1188 2458 habent,
1217 2372 1348 2439 similes
1366 2371 1575 2458 locutiones,
1604 2395 1660 2439 re·
1745 2387 1750 2396 '

253 2493 341 2538 reum
367 2475 472 2561 dare,
493 2497 639 2559 pessum
668 2473 724 2542 ire
742 2485 774 2542 et
791 2497 934 2562 pessum
956 2479 1045 2544 dare
1064 2485 1098 2542 et
1117 2479 1267 2543 aliorum
1286 2478 1492 2563 scriptorum
1512 2481 1661 2564 auotori-

252 2587 304 2645 tas
331 2579 412 2644 satir
437 2580 603 2646 defendit.
637 2580 696 2650 012.
725 2583 814 2648 Gell.
835 2607 871 2670 7,
891 2601 927 2666 43
943 2581 1104 2668 pileatos
1129 2604 1250 2650 servos
1276 2605 1400 2648 vertum
1432 2581 1489 2648 ire-
1518 2582 1660 2652 solitos.

251 2682 361 2750 Plaut.
383 2688 486 2752 Mero.
508 2706 535 2751 2.
551 2693 579 2756 5.
602 2709 654 2770 ¹93
675 2681 778 2754 illam
797 2689 1013 2772 abstrahat,
1034 2697 1141 2753 trane
1162 2709 1266 2752 mare
1282 2689 1369 2753 birro
1390 2710 1514 2755 vertum
1531 2711 1659 2775 aspor-

253 2799 317 2854 tet.
344 2790 419 2856 Liv.
437 2797 466 2854 3.
486 2795 536 2862 55.
575 2795 627 2861 Ut
655 2791 732 2878 ejus
739 2785 896 2880 familia
926 2795 979 2858 ad
994 2796 1117 2858 aedem
1139 2789 1285 2866 Cereris
1305 2815 1431 2857 renum
1451 2791 1533 2862 iret.
1555 2831 1597 2847 -
1616 2791 1656 2860 ire

252 2892 376 2960 auimo
398 2896 577 2962 haeserat.
608 2896 668 2962 clr.
689 2901 781 2962 Curt.
793 2901 823 2960 6.
838 2916 866 2959 2.
887 2899 917 2959 d.
948 2897 1000 2960 ad
1016 2897 1086 2961 hoe
1105 2894 1143 2960 ia
1162 2893 1287 2962 auimo
1309 2893 1408 2986 regis
1428 2907 1553 2962 tenues
1571 2901 1659 2964 reli·

253 2999 363 3082 quiae
382 2997 541 3084 pristini
564 3001 680 3068 moris
704 3001 1285 3084 haerebant.'Gio.Ao.Quaest.1.
1310 3022 1343 3080 ²3
1377 3003 1503 3066 haeret
1524 2999 1563 3065 iu
1584 3025 1659 3068 me-

252 3101 383 3168 moria.
402 3107 480 3172 Tae.
500 3105 588 3170 Hist.
610 3128 637 3168 ι.
659 3124 715 3188 723
737 3107 883 3170 laesere
900 3101 1024 3169 animo
1047 3099 1220 3169 convicia.
1242 3104 1346 3168 etiam
1363 3106 1659 3198 areliquisscrip·

217 3275 221 3280 ,
252 3210 387 3274 toribus
416 3195 615 3294 praepositio
645 3213 850 3296 plerumque
875 3209 1057 3275 omittitur.
1086 3209 1173 3292 duo,
1187 3211 1293 3292 -quod
1319 3210 1456 3277 Cortius
1468 3224 1658 3299 receperat,

251 3316 369 3378 nullus
387 3315 575 3394 expositis
591 3315 695 3380 codd.
717 3325 840 3383 tuetur.
862 3322 905 3378 ut
926 3312 1053 3380 amuis.
1072 3316 1148 3381 Vat.
1165 3337 1193 3388 s.
1212 3319 1242 3380 5.
1258 3332 1295 3395 44
1316 3325 1359 3380 ut
1379 3314 1657 3409 adgrediuntur.

250 3424 316 3486 Vat
333 3439 362 3484 2.
382 3431 425 3485 ut
439 3420 600 3505 pecunia
622 3425 697 3489 Vat.
716 3425 745 3486 5.
763 3442 831 3504 qua
851 3420 1011 3488 lectionis
1033 3421 1198 3486 varietate
1226 3425 1486 3510 comprobatur,
1517 3425 1560 3487 ab
1579 3444 1658 3489 suo-

252 3536 325 3592 tore
344 3528 622 3608 conjunctionem
641 3525 746 3592 luisse
766 3525 935 3590 omissam.
953 3521 1115 3608 pecunia
1133 3525 1409 3616 adgrediuntur.
1444 3529 1558 3597 simile
1578 3533 1659 3599 Vir'·

254 3632 423 3717 giliauum
443 3634 525 3702 Aen.
543 3649 573 3710 4.
591 3649 642 3712 92.
668 3631 832 3718 ..aggredi
850 3615 1004 3714 aliquem
1024 3630 1158 3696 uictis.»
1183 3633 1259 3697 sine
1280 3653 1359 3698 casu
1376 3634 1469 3697 infra
1486 3657 1514 3700 o.
1534 3641 1585 3712 46.
1607 3639 1659 3703 le-

248 3745 360 3824 gatos
380 3734 493 3801 alium
516 3737 562 3800 ab
586 3733 663 3803 alio
684 3735 840 3802 diversos
859 3731 1087 3824 aggreditur.
1112 3737 1182 3803 Cio.
1202 3738 1368 3821 Eppltt.
1387 3743 1508 3817 12354
1537 3738 1572 3803 ei
1589 3763 1657 3807 nee

250 3842 398 3904 Drusus
408 3837 565 3928 facilem
587 3863 625 3906 se
640 3837 869 3925 praebuerit,
890 3838 1155 3926 Damasippum
1172 3841 1273 3906 velim
1294 3839 1521 3930 aggrediare.
1544 3887 1578 3898 -
1593 3848 1656 3912 ad·

251 3943 458 4036 reptabant.
495 3947 641 4010 consilio
662 3945 901 4031 imperfectum
929 3947 997 4009 hoo
1023 3945 1101 4010 loco
1115 3946 1280 4032 positum3
1310 3947 1420 4033 legati
1444 3949 1536 4012 enim
1567 3973 1659 4017 non-

256 4050 340 4114 dum
367 4051 513 4114 Romam
537 4061 774 4135 pervenerant.
808 4052 999 4115 consultus
1027 4059 1090 4116 eet.
1125 4058 1179 4116 est
1206 4072 1274 4118 om.
1299 4055 1375 4118 Vat.
1392 4071 1422 4130 4.
1450 4077 1520 4120 non
1545 4058 1657 4140 placet
1714 4125 1718 4132 .
1844 4051 1847 4058 ⁴

252 4161 395 4239 propter
413 4173 558 4236 sequens
580 4154 697 4238 dique.
720 4158 778 4220 sed
792 4156 921 4222 eoloco
932 4152 1041 4237 lique
1058 4176 1104 4219 an
1118 4155 1216 4240 iique
1233 4158 1452 4224 scribendum
1472 4161 1532 4244 sit,
1554 4160 1657 4225 dubi·
1783 4179 1788 4188 ·

249 4279 319 4322 um.
340 4253 383 4322 lei
400 4267 450 4326 est
472 4259 511 4324 in
532 4261 623 4325 Med.
640 4281 670 4343 9.
694 4263 769 4328 Vat.
787 4265 863 4336 ua.
884 4265 944 4328 sed
965 4283 1009 4328 ne
1028 4263 1065 4328 id
1088 4263 1228 4372 quidem
1245 4265 1477 4352 satiselegans
1492 4275 1550 4332 est.
1570 4287 1656 4354 pro-
1700 4263 1708 4270 “
1776 4359 1777 4363 ¹
