4106 4974
425 381 495 462 aba
566 459 568 466 .

402 589 407 596 “
430 583 605 668 quoddam
626 591 734 664 genus
752 567 976 648 dmawdiae
995 573 1055 640 est.
1085 567 1147 634 cfr.
1165 585 1269 657 supra
1288 574 1340 653 27.
1375 561 1488 636 multi
1504 591 1681 640 memores
1697 611 1741 632 ·-
1765 578 1835 644 nte

330 667 332 672 ι
428 687 583 774 quisque
602 681 810 768 sperabant.
829 715 872 732 -
902 676 1048 744 animur
1059 670 1180 768 serat.
1210 675 1272 740 cir.
1292 675 1394 742 ovid.
1415 679 1682 764 Metamorphos.
1700 683 1746 745 ab
1765 683 1835 748 ini-

426 794 488 859 tio.
509 789 548 856 in
568 807 661 856 nova
671 783 757 876 serp
778 783 933 850 artimus.
950 804 1025 870 sup.
1042 803 1092 849 aa.
1120 779 1244 849 lubido
1267 779 1445 849 victorum
1455 776 1552 873 sert.
1575 786 1832 854 Drakenboich.

426 903 471 964 ad
490 899 550 960 sit.
572 895 645 959 ital.
661 895 711 962 ati.
728 906 798 971 294.
814 897 955 973 parato
977 885 1112 953 animo.
1133 909 1205 972 par.
1224 908 1281 952 an.
1297 887 1425 952 dicitur
1443 887 1656 975 intrepidus,
1677 891 1738 974 qui
1758 913 1834 958 om-

426 1005 524 1068 nium
550 999 782 1087 periculorum
817 995 1030 1064 atrocitatem
1056 993 1229 1079 praecipit,
1257 991 1307 1056 ita
1327 999 1365 1056 ut
1386 1013 1430 1058 ne
1449 1003 1596 1059 mortem
1615 997 1758 1078 quidem
1775 1019 1833 1064 er-

426 1121 571 1174 tremam
592 1109 775 1170 horrescat.
794 1103 876 1165 Caes.
888 1103 923 1162 B.
943 1101 1034 1168 Gatt
1050 1122 1078 1163 ι.
1095 1101 1124 1162 ⁵.
1144 1139 1161 1174 ς
1172 1098 1360 1183 paratiores
1379 1101 1423 1162 ad
1445 1098 1562 1163 omnia
1580 1101 1736 1185 pericula
1754 1105 1833 1168 sub·

320 1229 324 1240 ¹
427 1216 550 1280 cunda.
563 1204 728 1286 ..dextris
746 1203 886 1270 vestris.
905 1223 1063 1289 pronom.
1085 1204 1203 1270 omisit
1222 1207 1309 1270 Ven.
1326 1225 1353 1268 t.
1375 1202 1414 1267 t'rt
1436 1201 1562 1268 vestris
1582 1204 1724 1273 dereris
1744 1211 1832 1274 Med.

427 1323 454 1382 6.
475 1320 569 1401 quod
592 1313 702 1380 Cortii
723 1311 954 1390 conjecturam
974 1309 1112 1373 {irritare
1131 1309 1277 1372 ridetur.
1297 1311 1365 1374 Sed
1384 1312 1478 1372 Curt.
1509 1326 1539 1387 4.
1560 1327 1607 1388 14.
1623 1315 1672 1377 25.
1691 1313 1833 1378 retinuit

426 1427 475 1491 In
490 1417 629 1486 dextris
641 1413 766 1483 vestris
776 1414 860 1508 jam
881 1410 1098 1497 libertatem,
1118 1433 1232 1498 opem,
1252 1435 1349 1498 apem
1359 1410 1495 1505 futuri
1502 1413 1677 1501 temporis
1693 1415 1832 1506 geritr‘s,

428 1539 462 1594 et
481 1527 533 1589 vis
554 1523 721 1589 orationis
741 1521 859 1606 augeri
877 1519 1370 1603 rideturadditopronomine;
1390 1519 1500 1607 magis
1509 1521 1601 1585 enim
1611 1521 1832 1608 significatur,

428 1633 468 1696 in
481 1632 624 1695 illorum
636 1635 804 1711 potestate
815 1633 1221 1711 esse‚quareoarraverat.
1241 1624 1374 1688 Similis
1384 1624 1524 1690 dicendi
1535 1625 1686 1710 ratioap.
1698 1627 1771 1701 Lir.
1787 1649 1834 1710 ²7·

336 1743 339 1750 '
433 1732 630 1802 initlorum
640 1729 754 1796 armis
763 1726 972 1815 dextrasque
982 1727 1189 1798 libertatem
1199 1727 1398 1816 repositam
1416 1751 1501 1796 esse.
1519 1729 1594 1798 vu.
1602 1731 1691 1793 Flac.
1698 1735 1728 1794 6.
1741 1748 1772 1807 4.
1785 1735 1834 1804 60.

430 1838 471 1906 r'n
490 1835 657 1904 manibus
676 1859 754 1922 apes
775 1845 907 1904 nostra
929 1833 1016 1902 tuis.
1045 1839 1127 1908 stat.
1142 1839 1250 1902 Theb.
1273 1857 1321 1906 so.
1337 1855 1386 1920 29.
1412 1836 1475 1904 Sil.
1499 1857 1528 1917 7.
1551 1839 1600 1901 at.
1619 1855 1721 1921 supra
1737 1857 1767 1902 c.
1786 1853 1837 1925 ro·

429 1942 585 2010 statoria
604 1938 709 2007 nobis
730 1938 769 2007 in
791 1962 904 2008 manu
925 1980 967 1996 -
987 1939 1112 2008 omnia
1133 1939 1240 2012 vobis.
1259 1963 1360 2028 pron.
1381 1941 1546 2028 expunxit
1569 1941 1663 2006 Eich.
1685 1945 1744 2007 sed
1765 1960 1837 2008 nort

429 2047 617 2114 columboe
639 2048 870 2132 retinendum,
891 2049 951 2113 sed
973 2047 1077 2112 etiam
1097 2049 1242 2112 verbum
1261 2047 1366 2114 subst.
1388 2050 1483 2130 quod
1496 2046 1630 2112 Cottius
1650 2046 1770 2112 inritis
1787 2046 1837 2110 ti-
1872 2067 1877 2076 ·

430 2155 504 2220 bris
524 2153 662 2230 delevit.
702 2162 929 2222 commeatus
960 2152 1114 2218 abunde.
1149 2155 1258 2219 Recte
1284 2157 1321 2217 G.
1351 2152 1509 2236 monuit,
1530 2159 1753 2218 commeatus
1771 2153 1838 2216 boc

430 2262 510 2325 loeo
532 2281 604 2326 esse
624 2260 902 2338 nominativum
922 2258 1195 2341 quod-firmatur
1213 2259 1378 2344 exemplis
1397 2261 1441 2324 ab
1462 2277 1505 2324 eo
1523 2257 1682 2322 laudatis.
1704 2275 1836 2344 capsa,

432 2365 562 2450 quibus
583 2365 683 2430 mala
703 2364 846 2430 abunde
870 2357 997 2428 omnia
1018 2373 1136 2428 erant.
1167 2383 1248 2428 nam
1268 2365 1432 2430 adverbia
1450 2367 1574 2452 saepius
1592 2366 1685 2450 apud
1702 2364 1769 2428 Sal.
1787 2363 1838 2427 lo-

432 2491 474 2536 co
495 2471 741 2549 adjectivorum
763 2471 885 2556 posita.
905 2471 965 2536 cfr.
985 2493 1014 2535 c.
1037 2487 1087 2552 ao,
1114 2467 1283 2556 amplius.
1301 2484 1349 2548 rt.
1369 2469 1530 2555 undique
1548 2491 1580 2551 7.
1606 2465 1738 2558 magia.
1752 2497 1786 2524 -’-
1805 2460 1840 2531 sr'

432 2582 532 2635 metu
552 2573 656 2636 etiam
684 2573 886 2638 Italicorum
905 2577 1078 2638 librorum
1097 2576 1203 2660 longe
1218 2575 1374 2658 plurimi.
1390 2573 1459 2642 sin.
1479 2577 1571 2643 Med.
1585 2576 1614 2638 8.
1634 2576 1710 2641 Vnt.
1725 2575 1754 2637 b.
1769 2575 1838 2637 Μ.

432 2677 588 2742 advorsa
591 2675 708 2762 fiunt.
726 2676 768 2738 In
787 2679 947 2760 praesenti
968 2687 1122 2761 tempore
1144 2678 1283 2742 Cortius
1303 2681 1418 2746 neseio
1439 2701 1542 2765 quam
1564 2675 1840 2766 elegantiam-in-

431 2781 564 2848 venisse
584 2779 653 2846 sibi
671 2779 764 2848 visua
785 2781 952 2866 eatfient
972 2801 1092 2848 omnes
1113 2781 1198 2846 libri
1221 2791 1414 2851 tuenturet
1433 2788 1564 2873 optime
1582 2804 1618 2850 se
1637 2783 1753 2848 habet.
1778 2789 1840 2848 ·te-

430 2897 504 2981 get.
524 2887 604 2952 vide
618 2907 727 2974 ,supra
747 2907 820 2973 cap.
837 2890 864 2952 6.
885 2887 945 2954 cfr.
964 2891 1045 2954 Tac.
1056 2888 1180 2954 bonel.
1190 2892 1219 2953 6.
1238 2907 1267 2953 a.
1288 2890 1362 2956 Lir.
1380 2907 1429 2955 aa.
1448 2910 1498 2974 ²9·
1527 2886 1754 2956 necessitudo
1773 2886 1849 2952 abt-¹-

428 2997 573 3079 pendet.
594 2993 675 3064 vide
694 2995 797 3080 supra
816 3014 888 3080 cap.
903 3017 952 3076 17.
972 2996 1050 3082 Jug.
1070 2999 1122 3074 td.
1150 2995 1337 3062 sedetiam
1357 3000 1449 3082 apud
1473 2996 1675 3062 Ciceronem
1694 3013 1759 3079 pro
1779 3011 1840 3057 nc-
1891 3045 1893 3048 .

433 3101 586 3164 cessitate
608 3101 757 3184 dictum,
779 3105 822 3168 de
843 3103 972 3169 invent.
998 3120 1028 3166 a.
1048 3105 1099 3186 57.
1121 3111 1235 3188 «puto
1263 3103 1354 3166 hanc
1376 3122 1448 3169 esse
1467 3099 1772 3184 necessitudinem,
1786 3097 1839 3164 cui

433 3204 532 3266 nulla
552 3205 588 3266 vi
609 3206 720 3268 resisti
739 3216 869 3291 potest,
891 3229 967 3288 quse
987 3227 1100 3289 neque
1120 3211 1247 3274 mutari
1259 3229 1370 3292 neque
1380 3208 1485 3275 leniri
1494 3207 1643 3294 potest.”
1664 3201 1841 3288 impendet

433 3307 457 3371 i.
469 3329 498 3372 e.
505 3308 618 3388 instat,
628 3309 755 3395 premit
763 3353 773 3394 ,
782 3309 952 3382 imminet.
970 3309 1031 3372 cfr.
1043 3312 1111 3378 Cic.
1121 3334 1185 3395 pro
1195 3317 1293 3378 Rosc.
1304 3316 1380 3382 Am.
1393 3335 1420 3376 c.
1432 3335 1480 3387 tt,
1494 3313 1597 3389 ¹<licet
1607 3311 1839 3392 undiquecm-

433 3431 495 3474 nes
509 3413 546 3474 in
556 3425 763 3478 meterrores
774 3415 995 3498 periculaque
1007 3413 1238 3499 impendeant
1252 3414 1457 3486 omnia.''-·
1467 3435 1794 3502 supervacaneum,
1812 3411 1837 3476 i·

294 3493 298 3502 ⁸
344 3579 346 3583 ,
421 3535 466 3602 Ue.
479 3514 551 3576 illis
560 3535 629 3578 non
638 3535 842 3598 opusnequc
852 3519 1079 3580 necessarium
1088 3529 1146 3582 est.
1155 3521 1178 3582 i.
1188 3543 1217 3584 e.
1228 3543 1298 3586 non
1310 3523 1713 3610 essestatuunt,alienum
1722 3519 1840 3587 messe

433 3619 745 3704 videtur‚nihileos
754 3619 1126 3706 impellit‚utpugnent.
1136 3621 1491 3712 adgredimint'Vat.a.
1500 3633 1584 3696 Ven.
1594 3620 1841 3717 aadgredien·

435 3727 648 3792 dumbiedd.
660 3721 931 3816 adgredtamt'nt'
938 3728 1059 3808 ceteri3
1069 3737 1183 3792 utrum
1193 3733 1429 3818 rectius‚haud
1440 3733 1542 3801 facile
1554 3733 1752 3800 constituas.
1762 3749 1839 3795 nam

436 3835 530 3910 quod
545 3833 622 3897 aliis
635 3831 720 3897 locis
730 3833 797 3897 Sal.
807 3832 1047 3918 imperatis-nm
1062 3834 1192 3921 posuit,
1214 3837 1296 3904 inde
1310 3861 1382 3904 nou
1396 3839 1561 3925 sequitur,
1571 3840 1675 3906 etiam
1689 3841 1756 3902 boc
1765 3838 1839 3900 loco

437 3937 588 3998 eundum
602 3941 1048 4021 modumesseponendum.
1064 3939 1206 4005 circat
1228 3959 1277 4005 ao.
1297 3946 1375 4029 Jug.
1390 3965 1436 4008 ιο.
1452 3961 1498 4021 14.
1510 3962 1559 4022 24.
1570 3943 1691 4010 rufin.
1711 3945 1771 4008 sed
1791 3937 1842 4004 di·

436 4049 491 4104 cat
511 4037 639 4120 aliquis
659 4041 898 4124 imperativum
925 4046 1068 4108 modum
1090 4047 1237 4131 abrupto
1265 4047 1405 4112 dicendi
1435 4050 1574 4135 generi,
1599 4051 1695 4133 quod
1716 4047 1756 4110 in
1781 4047 1841 4110 bac

436 4146 593 4214 oratione
606 4153 672 4229 est,
692 4147 801 4231 magis
820 4147 1013 4212 convenire.
1034 4145 1175 4214 alienas
1195 4171 1280 4234 opes
1299 4162 1519 4234 exspectare.
1541 4152 1602 4218 cfr.
1623 4172 1724 4238 supra
1743 4172 1772 4216 c.
1792 4166 1841 4233 4ο,

438 4256 488 4332 ³7.
506 4255 584 4339 Jug.
592 4271 664 4336 cap.
679 4269 724 4330 14.
745 4250 813 4316 Cic.
827 4272 891 4337 pro
907 4252 1045 4339 Quinct.
1060 4256 1109 4326 16.
1131 4251 1275 4322 alienae
1295 4276 1400 4344 opes,
1421 4253 1463 4324 id
1479 4258 1582 4342 quod
1598 4253 1841 4324 muer-riuum
