4116 4970
409 379 457 453 'do

401 573 499 638 diem
515 590 631 636 versus
647 589 717 634 csse
737 575 920 637 extensum.
948 575 1014 642 Sed
1033 577 1098 642 hoc
1115 575 1243 662 posito,
1263 571 1353 638 nlhil
1370 581 1461 648 erat,
1480 579 1575 657 quod
1592 573 1805 660 portamCol-

405 679 516 741 liuam
552 677 706 758 diceret,
733 695 812 737 nam
850 698 919 743 non
942 684 1050 766 magis
1068 691 1139 746 crat
1165 690 1294 744 remota
1314 689 1413 763 porta
1439 680 1632 744 viminalis.
1663 685 1729 746 Sed
1756 682 1806 744 la-

405 789 462 844 vet
491 779 650 863 opinioni
674 799 757 843 rneae
786 782 934 865 Erycina
961 789 1075 852 Venus
1104 807 1124 850 a
1151 785 1249 850 Livio
1270 795 1543 849 commemorata.
1578 789 1688 871 Quam
1716 797 1806 853 recte

407 889 576 968 Verratns,
589 883 886 964 injuria,arecente
897 883 1054 946 Nardinii
1067 883 1200 950 editore
1207 887 1251 968 (l
1251 931 1258 946 .
1268 889 1311 951 11.
1319 911 1352 971 p.
1361 889 1426 972 58.)
1438 889 1649 972 vituperatus
1660 895 1804 958 eandem

406 989 514 1054 credit
528 1008 604 1051 cum
620 987 821 1050 Salustiana.
841 989 1016 1049 Nemeum
1036 998 1068 1051 et
1083 990 1218 1054 Liviani
1230 1000 1263 1055 et
1278 993 1462 1057 Salustiani
1481 995 1562 1058 circi
1584 998 1647 1058 dea
1659 1014 1806 1078 praesens

407 1104 493 1160 esset
501 1098 631 1176 Venus,
645 1091 816 1154 neminem
840 1101 929 1154 certe
948 1095 1026 1156 Rufi
1045 1103 1146 1175 atque
1165 1096 1315 1161 Victoris
1330 1109 1482 1182 suspecta
1494 1099 1645 1162 movebit
1659 1099 1806 1164 auctorib

407 1213 477 1286 tas,
500 1212 538 1266 ut
558 1207 627 1266 duo
654 1202 805 1280 ejusdem
833 1203 904 1262 deae
928 1199 1054 1280 templa
1083 1207 1176 1262 extra
1201 1204 1346 1264 eandem
1368 1211 1501 1286 portam
1525 1214 1558 1267 et
1586 1207 1706 1269 codem
1727 1205 1806 1268 loco

405 1308 517 1394 posita
539 1313 725 1372 credamus.
758 1305 876 1390 Quid?
906 1305 1001 1385 quod
1022 1304 1086 1365 bae
1109 1305 1302 1383 conjectura
1331 1305 1472 1391 rejecta,
1495 1327 1557 1370 nec
1583 1307 1652 1370 loci
1672 1310 1807 1392 Apolli-

407 1413 547 1475 naribus
557 1413 649 1476 ludis
672 1409 877 1492 consecrati,
898 1428 961 1470 ncc
979 1406 1194 1471 celeberrimi
1205 1409 1360 1493 Erycinae
1385 1411 1505 1494 templi
1524 1415 1614 1494 apud
1627 1412 1807 1496 scriptores

407 1517 537 1579 mentio
570 1517 692 1580 fieret?
720 1517 830 1599 Quam
851 1511 992 1593 quidem
1023 1515 1130 1576 aedem
1156 1514 1413 1577 celeberrimam
1435 1513 1554 1599 fuisse,
1573 1525 1695 1599 praeter
1714 1517 1808 1580 Livi-

407 1619 612 1704 um(XXll.
634 1641 663 1700 9.
687 1639 733 1681 ro.
755 1621 853 1682 XXX.
875 1618 925 1680 ³8.
946 1619 1012 1679 XL.
1029 1621 1077 1692 34.
1086 1616 1102 1699 )
1124 1625 1264 1680 testatur
1284 1620 1438 1685 Ovidius.
1460 1621 1565 1704 (Fast.
1586 1622 1641 1686 IV
1665 1620 1758 1703 871.)

527 1725 670 1807 Templa
690 1721 900 1805 frequentari
922 1722 1066 1786 Collinae
1085 1721 1242 1806 proxima
1261 1733 1368 1808 portae

528 1832 626 1891 Nunc
647 1831 760 1906 decet3
781 1848 802 1889 a
821 1826 936 1890 Siculo
957 1827 1098 1890 nomina
1119 1827 1208 1890 colle
1230 1836 1355 1893 teuent.

492 1933 595 2011 Cujus
618 1934 758 2014 quidem
782 1931 898 2015 templi
922 1931 1082 2013 reliquiae
1100 1932 1204 1996 etiam
1222 1942 1339 2016 postea
1363 1931 1571 2000 exstiterunt.
1610 1930 1694 2017 (cir.
1711 1929 1808 1996 rire·

320 2101 322 2104 .
408 2037 481 2102 nesi
505 2038 639 2100 Anticb.
660 2038 696 2101 di
714 2041 824 2100 Roma
844 2041 924 2100 Nro.
952 2035 1042 2120 rra.)

486 2145 538 2206 De
556 2143 675 2206 ceteris
694 2145 873 2205 hortorum
892 2141 1162 2206 Sallustianorum
1178 2143 1312 2210 deliciis
1332 2143 1422 2206 nihil
1441 2141 1524 2206 certi
1549 2147 1694 2204 statuere
1718 2139 1808 2203 licet.

407 2247 548 2308 Eratibi
564 2246 771 2310 Miliarensis
788 2246 958 2331 porticus,
978 2269 1081 2328 quem
1101 2249 1250 2334 Vopisco
1273 2257 1373 2331 teste,
1394 2247 1489 2330 (cap.
1513 2257 1582 2324 44.)
1603 2243 1807 2308 Aurelianus

408 2350 551 2432 amavit,
570 2351 608 2412 in
629 2372 698 2433 quo
713 2351 870 2432 quotidie
888 2359 921 2414 et
941 2372 1046 2432 equos
1069 2361 1156 2418 etse
1176 2354 1358 2436 fatigabat,
1378 2351 1531 2433 quamvis
1552 2357 1637 2414 esset
1653 2369 1723 2412 non
1743 2349 1809 2412 bo*

408 2474 461 2519 noe
482 2455 698 2518 valetudinis.
719 2457 771 2516 ad
789 2458 877 2518 hane
895 2457 1081 2519 Nardinius
1098 2457 1271 2540 pertinere
1290 2465 1388 2540 putat
1404 2475 1541 2517 arcuum
1561 2454 1721 2542 vestigia,
1733 2471 1809 2535 quae

409 2557 491 2621 ind'e
504 2559 547 2619 ab
558 2559 668 2620 hortis
684 2559 715 2619 S.
731 2559 762 2618 S.
775 2559 927 2641 Virginis
949 2561 1000 2648 de·
1007 2561 1163 2623 Victoria
1182 2563 1302 2623 villam
1315 2559 1537 2622 Ludovisiam
1557 2577 1672 2621 versus
1692 2567 1808 2621 exten-

410 2663 547 2726 duntur.
575 2663 641 2724 Sed
659 2662 689 2723 si
707 2664 846 2724 thermae
854 2662 992 2723 Salustii
1007 2661 1215 2747 investigatae
1235 2663 1379 2744 luerint,
1401 2663 1515 2724 nescio
1530 2681 1573 2723 an
1593 2662 1720 2724 rectius
1740 2670 1809 2724 sta-

410 2775 524 2828 luatur
533 2767 571 2828 in
579 2765 770 2830 vastissimo
783 2785 902 2829 eorum
921 2764 1051 2828 ambitu
1061 2765 1234 2848 porticum
1252 2767 1351 2828 sitam
1374 2761 1486 2830 fuisse.
1507 2767 1573 2829 Sed
1585 2765 1808 2850 casproprio·

410 2890 462 2934 res
485 2871 624 2936 Salariae
647 2879 754 2953 portae
780 2868 1036 2950 domiciliisque
1060 2869 1220 2955 privatis,
1242 2891 1317 2955 quae
1339 2879 1583 2936 commemorat
1603 2869 1809 2954 Procopius,

409 2975 511 3040 fuisse
544 2975 816 3040 existimaverim.
844 2977 896 3038 De
924 2975 979 3038 bis
998 2978 1122 3060 Vacca,
1144 2977 1205 3057 qui
1226 2996 1334 3059 pauca
1351 2975 1495 3059 vestigia
1517 2977 1554 3038 in
1571 2986 1712 3058 paterno
1732 2975 1810 3036 fund

409 3087 454 3143 do
471 3082 619 3144 viderat:
648 3082 726 3142 Erat
746 3082 842 3142 locus
863 3095 1070 3161 quamquam
1088 3101 1207 3164 parum
1228 3089 1382 3143 accurate
1403 3079 1589 3162 descriptus
1605 3097 1712 3162 prope
1728 3097 1809 3162 por·

411 3193 478 3246 tarn
496 3183 682 3245 Salariam:
705 3184 870 3245 Praeterea
885 3185 1007 3265 legitur
1026 3185 1063 3244 in
1084 3186 1167 3248 actis
1180 3195 1389 3267 sanctorum,
1411 3194 1498 3248 onte
1516 3183 1676 3246 thermas
1691 3183 1810 3246 Salus·

411 3284 472 3369 tii,
496 3295 582 3350 ante
601 3305 725 3348 muros
745 3283 845 3347 urbis
869 3295 936 3348 tres
960 3295 1092 3348 sanctos
1116 3288 1285 3369 supplicio
1305 3286 1409 3350 fuisse
1431 3281 1578 3350 affectos.
1744 3349 1747 3357 ,

491 3391 600 3451 Etiam
618 3389 709 3471 apud
731 3387 911 3450 Mabillon.
936 3388 1331 3455 inItinerarioSaec.X1.
1348 3399 1419 3454 est:
1438 3394 1594 3454 Thermae
1611 3387 1809 3452 Salustianae

411 3499 453 3557 ad
474 3494 701 3578 Pyramidem.
723 3493 878 3575 Pyramis
893 3493 951 3554 vix
969 3492 1038 3553 alia
1058 3513 1127 3556 esse
1144 3506 1272 3578 potest,
1298 3516 1401 3576 quam
1424 3496 1592 3559 obeliscus
1607 3492 1810 3556 Ludorisius

411 3621 503 3664 nunc
526 3600 564 3662 in
585 3605 702 3662 monte
718 3595 840 3659 Pincio
866 3604 1009 3679 erectus,
1029 3597 1124 3675 cujus
1140 3597 1232 3660 basis
1250 3621 1327 3661 cum
1343 3601 1380 3663 in
1401 3601 1483 3684 ipsis
1515 3595 1709 3662 Ludo'visiis
1729 3598 1811 3658 hor·

412 3708 454 3770 tis
473 3715 606 3790 reperta
631 3703 675 3768 sit
703 3710 786 3766 teste
822 3701 973 3764 Mercato
1003 3701 1119 3788 (degli
1148 3703 1292 3767 obelisci
1314 3725 1386 3788 cap.
1403 3707 1452 3768 28.
1473 3725 1549 3790 pag.
1564 3703 1655 3784 256.)
1685 3700 1811 3784 proba-

411 3812 482 3874 bile
500 3821 564 3892 est,
584 3810 759 3896 regionem
787 3827 879 3890 eam,
909 3827 984 3887 quae
1021 3816 1070 3870 est
1103 3807 1194 3872 inter
1227 3809 1355 3871 circum
1384 3819 1416 3872 et
1438 3809 1563 3870 moenia
1586 3805 1697 3886 urbis,
1718 3805 1812 3866 ther·

412 3933 545 3976 marum
567 3915 710 3978 aedificia
727 3912 944 3976 continuisse.
984 3914 1098 3973 Restat
1116 3912 1348 3975 conditorium
1369 3914 1547 3974 hortorum
1569 3929 1588 3970 a
1608 3909 1723 3972 Plinio
1740 3925 1812 3969 me-

412 4029 581 4084 moratum
603 4018 711 4100 (Hist.
732 4013 990 4096 Nas.vl1.16.)‚
1012 4015 1071 4094 qui
1095 4015 1234 4096 quidem
1259 4017 1355 4078 locus
1377 4014 1438 4076 ubi
1456 4016 1575 4097 suerit,
1595 4013 1812 4096 bodieigno·

412 4137 522 4207 ratur,
541 4124 598 4186 sed
615 4120 644 4184 si
665 4121 741 4200 quis
763 4137 836 4182 ossa
861 4120 1010 4179 bumana
1029 4119 1065 4180 in
1087 4139 1125 4182 ea
1147 4131 1242 4203 parte
1261 4115 1437 4200 effoderit,
1465 4140 1534 4181 non
1554 4117 1697 4198 dubito,
1725 4115 1809 4196 quin

412 4228 685 4310 antiquariorum
705 4223 875 4286 industria
894 4223 997 4286 etiam
1011 4223 1159 4307 sepulcri
1179 4224 1281 4286 situm
1301 4223 1489 4286 accuratius
1507 4221 1685 4285 describat.
