4108 4976
409 392 483 464 550

410 581 542 648 Harles.
562 581 623 645 sed
643 599 705 642 cur
723 579 827 642 hoca
844 577 978 642 Boccho
1000 576 1169 656 adjectum
1186 576 1248 658 sit,
1276 595 1355 642 cum
1375 573 1469 640 idem
1487 573 1603 638 verbis
1624 571 1716 665 jure
1735 573 1822 642 letti

409 687 637 773 significetur,
663 684 720 747 rix
742 683 957 768 explicueris.
1008 685 1110 768 Quod
1132 703 1209 746 cum
1232 682 1304 746 alio
1324 690 1479 766 tempore
1499 699 1521 742 a
1541 683 1665 743 Mauro
1686 689 1821 766 gestum

410 801 512 876 esset,
538 801 636 856 certe.
651 808 722 852 non
743 798 832 872 erat,
859 809 921 852 cur
939 791 1006 852 hoc
1028 788 1196 852 Romanis
1216 795 1400 855 enarraret.
1426 809 1473 852 oc
1493 795 1582 852 turn.
1602 807 1669 850 om.
1691 788 1777 852 Ven.
1793 809 1820 852 ι.

410 905 447 962 ct
469 906 641 960 metuens.
661 895 751 958 Flor.
768 897 815 958 16.

489 1003 570 1084 Cap.
590 1002 677 1062 0111.
710 1003 911 1063 evenerant.
944 997 1046 1060 multi
1062 996 1147 1060 libri
1163 999 1267 1062 Taur.
1290 1000 1367 1067 Vat.
1382 1019 1409 1062 1.
1420 1002 1452 1065 5.
1466 1013 1496 1074 4.
1511 1000 1541 1064 5.
1562 996 1657 1060 Eich.
1687 1000 1748 1060 sed
1768 1017 1820 1062 oe.

408 1101 491 1170 nire
510 1104 613 1169 etiam
639 1107 733 1189 apud
749 1102 887 1166 livium
908 1104 1027 1167 multis
1047 1102 1133 1168 locis
1152 1125 1217 1188 pro
1237 1100 1385 1174 evenire.
1412 1103 1473 1167 cfr.
1494 1119 1551 1186 24,
1571 1120 1622 1179 4ο.
1645 1123 1699 1186 ιο,
1721 1120 1771 1166 aa.
1791 1125 1821 1187 9,

412 1233 459 1275 ra.
486 1231 540 1296 ro,
553 1213 603 1287 45.
625 1231 689 1275 scu
711 1203 883 1274 monitus.
905 1209 953 1273 ita
974 1213 1050 1275 Vat.
1064 1210 1092 1272 5.
1113 1206 1198 1273 aliis
1217 1205 1356 1274 amicis.
1375 1204 1461 1274 aliis
1481 1229 1550 1273 om.
1576 1209 1663 1276 Min.
1684 1227 1713 1271 a.
1735 1205 1818 1272 illis.

409 1320 499 1380 Med.
514 1339 543 1398 7.
566 1317 657 1379 Flor.
675 1337 723 1382 ιι.
753 1316 813 1378 sed
846 1315 938 1376 nihil
972 1317 1186 1379 mutandum.
1222 1310 1453 1380 validissimo.
1482 1317 1570 1380 Eos.
1601 1314 1650 1376 ita
1664 1314 1754 1380 Flor.
1769 1317 1818 1377 25.

409 1424 507 1507 (erat
528 1419 682 1504 omisso.)
708 1420 812 1483 unius
836 1420 921 1483 libri
941 1421 1026 1486 fides
1054 1442 1176 1506 parum
1197 1429 1300 1485 certa.
1325 1416 1493 1486 Marium
1513 1415 1639 1482 deinde
1656 1415 1699 1483 si.
1717 1421 1817 1486 Taur.

410 1529 470 1610 [oc
490 1527 573 1611 om]
596 1527 645 1590 ita
665 1525 850 1591 infraVen.
867 1548 893 1587 ι.
915 1527 1071 1592 Romam
1092 1528 1236 1612 delevit,
1257 1545 1333 1608 quae
1353 1525 1471 1590 omnia
1490 1526 1613 1609 laudo,
1638 1533 1678 1588 ut
1697 1525 1819 1590 ἰιιοοιι-Ι

409 1632 595 1696 siderantia
617 1632 860 1712 librariorum,
888 1630 926 1692 in
947 1632 1090 1695 vocibus
1109 1632 1267 1695 delendis
1288 1649 1360 1694 non
1380 1629 1507 1713 minus,
1524 1649 1627 1711 quarn
1647 1630 1819 1710 inadjici·

411 1737 509 1802 endis
526 1736 717 1821 perspicua,
728 1735 902 1802 neminem
921 1735 1036 1802 lateat.
1062 1734 1195 1799 aliaest
1218 1734 1307 1797 ratio
1326 1715 1614 1816 insequentibus:
1633 1731 1720 1817 ipsis
1733 1756 1819 1816 pen·

304 1822 308 1830 ’
410 1839 537 1908 mittit.
559 1837 709 1906 ubiillie
729 1840 869 1904 habent.
887 1840 964 1905 Vat.
978 1843 1008 1902 5.
1021 1855 1052 1915 4.
1070 1841 1172 1902 Taur.
1203 1846 1388 1920 utrumque
1410 1839 1527 1903 delent
1551 1842 1637 1905 Vcn.
1649 1855 1678 1915 4.
1698 1841 1774 1906 vat.
1787 1843 1818 1903 5.

409 1967 485 2030 qua
504 1937 732 2032 discrepantia
750 1953 892 2030 propter
912 1944 1083 2010 librorum
1104 1945 1295 2010 bonitatem
1315 1946 1410 2008 haud
1438 1942 1656 2029 negligenda.
1682 1939 1820 2028 spolio·

409 2051 454 2136 ti,
479 2049 616 2137 pauidi.
644 2051 729 2136 [quc
750 2051 832 2136 ona]
859 2052 961 2115 Taur.
984 2058 1170 2115 accurate.
1198 2050 1222 2114 i.
1239 2070 1268 2115 e.
1291 2069 1416 2136 magna
1434 2070 1513 2112 eum
1533 2069 1628 2133 cura,
1648 2049 1704 2114 vel
1724 2051 1818 2130 quod

409 2157 529 2221 Cicero
549 2157 648 2240 dicit,
675 2155 927 2220 accuratissima
951 2156 1145 2243 diligentia.
1175 2159 1304 2222 volens.
1332 2156 1356 2223 i.
1375 2175 1404 2220 c.
1426 2156 1645 2222 benevolens.
1672 2153 1732 2220 cfr.
1760 2173 1819 2216 su-

408 2283 471 2349 pra
487 2279 534 2340 ι4.
555 2257 625 2326 diis
646 2257 856 2325 volentibus.
876 2269 910 2325 et
932 2261 971 2324 in
996 2260 1160 2325 formula:
1194 2262 1319 2326 colens
1338 2256 1605 2344 propitiusque.
1634 2259 1684 2323 ita
1715 2258 1819 2322 etiam

409 2367 537 2432 dicitur
556 2367 647 2430 ualle
665 2362 827 2455 alicujus
848 2369 981 2428 consol
1002 2366 1074 2430 Cic.
1096 2368 1177 2450 Epp.
1193 2387 1220 2430 ι.
1236 2389 1262 2428 ι.
1293 2373 1327 2430 et
1348 2367 1576 2430 voluntas—
1596 2362 1636 2428 in
1657 2361 1820 2452 benigni·

410 2479 488 2537 tote
510 2470 749 2534 habebantur.
771 2471 852 2534 vide
875 2469 966 2534 infra
988 2493 1060 2558 cap.
1076 2493 1145 2540 ιοι.
1166 2480 1200 2537 et
1216 2472 1306 2536 Plin.
1321 2476 1371 2535 ar.
1385 2475 1415 2534 6.
1437 2464 1609 2558 ingloria
1625 2470 1764 2534 ducere.
1777 2505 1818 2522 -

407 2573 479 2639 sibi
498 2573 606 2644 adsit.
626 2595 725 2658 pron.
748 2595 815 2638 orn.
836 2579 922 2641 Ven.
938 2593 968 2652 4.
999 2563 1239 2642 benivolentia
1268 2583 1391 2642 neutro
1410 2574 1551 2660 plurali.
1580 2577 1665 2640 Ven.
1678 2591 1707 2636 a.
1727 2573 1818 2640 Flor.

410 2701 436 2744 r.
447 2702 493 2742 ιι.
509 2683 576 2748 hoc
587 2679 728 2759 quidem
742 2699 762 2740 a
775 2681 970 2743 Salustiano
981 2681 1061 2744 stilo
1074 2701 1146 2743 aon
1154 2682 1259 2765 plane
1275 2681 1440 2765 alienum,
1454 2683 1514 2745 sed
1527 2678 1659 2743 dativus
1672 2678 1819 2742 benevo-

408 2779 543 2849 lentiae
570 2769 712 2868 propter
734 2790 899 2846 mutatam
931 2785 1221 2849 constructionem
1241 2787 1352 2850 multo
1373 2785 1573 2872 elegantior.
1593 2779 1718 2849 omnin
1732 2784 1819 2866 pal·

407 2885 532 2954 licitus
554 2886 689 2954 docuit.
711 2891 802 2958 Med.
818 2892 847 2952 8.
867 2889 1049 2954 manifesta
1068 2889 1317 2975 interpretatio.

488 2997 570 3079 Cap.
590 2997 672 3060 clv.
703 2992 864 3085 insecta,
886 2989 959 3080 quo
981 2993 1206 3082 intenderat,
1234 2992 1395 3086 negotio.
1414 2995 1510 3058 Eich.
1531 2987 1717 3084 confecto,
1743 3011 1816 3075 qun

407 3095 473 3164 int.
494 3121 573 3189 neg.
593 3103 680 3170 ven.
697 3124 725 3171 ι.
747 3104 823 3169 Vat.
842 3127 868 3166 ι.
890 3096 1061 3193 consecto
1082 3123 1169 3190 neg.
1185 3123 1256 3185 quo
1279 3097 1347 3165 int.
1366 3103 1467 3164 Taur.
1481 3098 1666 3162 verborum
1683 3097 1816 3181 positus

404 3207 442 3272 in
453 3205 548 3268 Eich.
569 3207 670 3292 longe
681 3209 971 3293 elegantissimus,
990 3215 1041 3292 et,
1062 3207 1092 3271 si
1110 3207 1196 3289 quid
1216 3207 1329 3290 video,
1349 3204 1588 3270 restituendus.
1608 3205 1814 3267 Proetorem

411 3309 532 3378 Utica.
564 3310 602 3373 in
620 3313 718 3374 urbis
740 3315 882 3380 nomine
904 3314 1160 3395 transponendo
1180 3310 1265 3374 libri
1292 3309 1406 3374 Italici
1428 3329 1532 3391 quam
1560 3307 1707 3372 maxime
1723 3306 1817 3370 rari-

406 3423 482 3495 ant,
512 3417 572 3478 sed
595 3416 755 3480 meliores
783 3421 827 3482 ab
851 3422 1003 3485 editione
1026 3429 1141 3486 nostra
1163 3437 1234 3482 non
1256 3416 1472 3484 dissentiunt.
1497 3410 1536 3476 in
1564 3409 1644 3495 quis
1673 3409 1816 3501 legatia

405 3513 507 3580 etiarn
531 3517 634 3578 multi
656 3520 747 3580 Itali.
768 3521 863 3582 libri.
884 3525 987 3584 etiam
1009 3526 1113 3605 paulo
1137 3522 1229 3585 infra
1256 3530 1292 3584 et
1317 3543 1340 3585 o
1362 3522 1519 3586 consule.
1540 3518 1671 3582 scilicet
1689 3518 1818 3601 abrup-

407 3629 482 3685 tum
503 3617 644 3682 dicendi
664 3638 772 3704 genus
792 3622 1022 3705 grammaticis
1044 3623 1248 3685 insolentius
1267 3622 1388 3686 visum.
1410 3627 1505 3705 quod
1518 3632 1556 3688 ut
1567 3623 1732 3705 lenirent,
1751 3621 1817 3686 alii

405 3727 777 3811 aliainterposueruut.
798 3720 964 3789 omnibus
983 3726 1098 3790 rebus.
1119 3728 1194 3794 Vat.
1211 3749 1238 3789 ι.
1253 3731 1320 3792 nt.
1340 3729 1440 3791 Taur.
1461 3731 1522 3794 sed
1536 3728 1618 3792 talia
1631 3717 1816 3792 defendere

405 3851 476 3898 non
497 3853 583 3918 opus
601 3840 663 3900 ert.
682 3827 721 3896 in
747 3826 929 3921 Africam.
959 3833 1030 3896 haec
1051 3832 1158 3896 verba
1176 3851 1298 3898 omnes
1314 3832 1400 3898 libri
1419 3833 1505 3897 Itali.
1526 3841 1683 3918 tuentur,
1708 3823 1815 3918 quere

404 3945 559 4024 suspecta
580 3957 651 4002 non
669 3936 830 4004 habenda
848 3945 935 4000 sunt.
957 3935 997 4002 in
1016 3932 1164 4029 Africo.
1184 3940 1274 4008 Flor.
1295 3961 1342 4005 ιι.
1364 3939 1499 4003 lubens.
1520 3938 1569 4002 ita
1588 3940 1678 4008 Flor.
1702 3960 1749 4002 ιι.
1765 3959 1814 4019 ²9·

402 4050 507 4131 Neap.
520 4060 552 4121 4.
574 4039 762 4128 deprecati
780 4050 876 4108 sunt.
898 4043 978 4107 satis
996 4053 1145 4129 constat,
1166 4039 1356 4129 deprecari
1374 4045 1552 4129 usurpari,
1579 4065 1658 4108 cum
1681 4043 1824 4110 crimen.

402 4151 546 4235 aliquod
568 4159 761 4232 excusatur3
780 4169 898 4214 sensus
915 4148 1022 4235 igitur
1042 4149 1072 4214 is
1095 4159 1160 4215 cst:
1182 4148 1329 4214 confessi
1349 4157 1429 4212 sunt
1448 4169 1566 4236 regem
1585 4169 1714 4216 errasse
1722 4169 1813 4250 eam·

404 4277 471 4348 ffiue
491 4251 627 4351 culpam
648 4276 807 4332 excusare
825 4257 1039 4327 studuerunt
1080 4259 1121 4320 In
1145 4253 1323 4336 ejusmodi.
1337 4255 1516 4324 structuris
1543 4255 1695 4324 cernitur
1713 4255 1814 4326 salu·
