4108 4976
396 433 469 507 558

395 619 626 690 Mithridatici
645 616 886 700 illustraverit,
906 617 1010 683 etiam
1020 623 1063 684 de
1075 621 1170 686 he'llo
1180 622 1391 709 iugurthino
1407 627 1601 717 exposuisse
1612 625 1800 711 rideturfi)

289 763 293 770 ·
394 732 472 793 Jam
492 725 670 792 annalium
690 722 888 806 scriptores,
910 725 949 808 Ω.
971 725 1153 788 Claudium
1172 726 1456 816 Quadrigarium,
1476 733 1517 816 Ω.
1538 730 1799 800 Valeriumdn-

396 836 533 917 tintem,
555 835 591 895 C.
612 827 785 892 licinium
797 830 970 913 Macrum,
988 829 1131 894 fortasse
1145 831 1238 896 alios
1260 853 1413 919 quoque,
1433 835 1495 918 qui
1516 835 1571 900 his
1587 835 1798 921 temporibus

394 937 554 1002 vixerunt
574 945 607 999 et
626 932 849 997 historiarum
870 933 979 998 libros
999 935 1228 1018 composuisse
1248 938 1427 1024 dicuntur,
1446 941 1577 1005 bellurn
1589 942 1799 1023 quoquere,
1859 967 1865 976 ·

394 1032 595 1129 gurthinum
604 1037 737 1125 scriptis
746 1036 968 1102 illustrarisse
979 1037 1196 1103 manifestum
1217 1041 1338 1127 est.⁰⁰)
1359 1045 1513 1128 Quorum
1528 1045 1669 1127 quidem
1679 1055 1798 1110 aucto-
1913 1103 1915 1108 .

395 1131 634 1212 rum'Salus‘t'i'o
649 1143 783 1228 copiam
802 1138 915 1228 luisse,
929 1145 987 1208 rix
1005 1145 1046 1210 in
1063 1145 1314 1211 dubitationem
1329 1147 1444 1213 vocari
1454 1169 1552 1235 posse
1567 1148 1718 1228 videtur,
1735 1153 1795 1216 sed

393 1275 477 1316 num
492 1249 751 1334 eos‘inspexerit
767 1259 869 1332 atque
891 1245 929 1313 in
945 1269 1044 1313 usum
1059 1271 1159 1314 suurn
1178 1255 1400 1332 converterit,
1420 1254 1708 1337 aliaestquaestio.
1728 1257 1794 1319 Sed

393 1381 470 1424 cum
484 1346 986 1440 tantaTueritlrujus'scriptor‘is
1001 1357 1200 1443 diligentia,
1215 1358 1303 1421 mihi
1316 1359 1456 1440 quidem
1469 1360 1655 1422 admodum
1671 1361 1795 1442 proba-

390 1449 463 1532 b'ile
478 1482 548 1530 esse
561 1463 714 1546 videtur,
730 1459 821 1524 nihil
836 1461 976 1544 quidem
991 1461 1110 1526 abillo
1126 1462 1230 1527 luisse
1241 1463 1450 1550 neglectum,
1466 1471 1505 1527 ut
1517 1483 1603 1546 opus
1615 1483 1718 1546 quam
1731 1463 1794 1526 ab·

390 1568 639 1634 solutissimum
660 1561 879 1650 relinqueret.
909 1563 1027 1649 Neque
1047 1564 1242 1646 coniectura
1262 1587 1348 1652 opus
1361 1575 1421 1632 est.
1460 1567 1530 1652 Qui
1543 1569 1637 1631 enim
1650 1568 1688 1631 in
1701 1565 1794 1638 Afri·

391 1693 437 1738 cae
458 1660 654 1758 originibus
672 1668 888 1735 illustrandis
909 1671 998 1756 regis
1016 1669 1227 1755 Hiempsalis
1251 1673 1361 1736 libros
1389 1671 1596 1757 laudaverit,
1627 1673 1791 1736 Sisennae

389 1777 475 1840 vitio
495 1774 648 1860 verterit,
679 1779 774 1858 quod
798 1773 953 1840 deSu'llae
975 1777 1075 1840 rebus
1095 1795 1217 1859 parum
1237 1777 1348 1840 libero
1369 1797 1429 1842 ore
1449 1777 1583 1842 locutus
1601 1777 1662 1858 sit,
1682 1774 1791 1860 ipsius

387 1863 506 1975 Scauri
526 1879 705 1946 avaritiam
725 1881 938 1967 apertissime
959 1881 1179 1966 explicuerit,
1205 1884 1247 1946 de
1268 1881 1401 1946 Metelli
1421 1882 1522 1945 rebus
1540 1879 1790 1944 accuratissime
1830 1873 1832 1880 ’

386 1971 578 2076 scripserit,
605 1975 712 2050 Marii
743 1982 905 2051 virtutem
930 1985 1073 2050 summis
1093 1985 1254 2049 laudibus
1274 1986 1513 2069 celebraverit,
1534 2004 1613 2066 eum
1634 1983 1792 2048 omnium

386 2085 592 2176 scriptorum
614 2078 808 2158 teslimonia
826 2111 958 2160 summa
979 2113 1058 2154 cum
1077 2089 1145 2157 fide
1158 2101 1191 2156 et
1201 2091 1370 2177 religione
1381 2087 1591 2154 examinasse
1606 2085 1706 2154 lacile
1717 2107 1792 2152 cre·

388 2192 527 2272 dideris.
560 2198 681 2281 'Quam
702 2197 844 2280 quidem
864 2200 908 2260 ad
928 2218 1001 2260 rem
1022 2196 1211 2260 accuratius
1231 2197 1474 2281 explorandam
1495 2196 1643 2259 multum
1659 2194 1791 2258 faciunt

387 2303 579 2372 ceterorum
599 2301 820 2388 scriptorum,
853 2303 915 2385 qui
935 2301 1067 2366 bellum
1086 2301 1334 2390 iugurthinum
1353 2303 1555 2388 attigerunt,
1585 2297 1789 2364 testimonia.

385 2398 468 2473 ¹liaeo
487 2401 604 2496 ‘igitur
623 2389 861 2472 cum'Salustii
875 2407 1024 2472 historia
1045 2407 1249 2494 diligentius
1268 2427 1479 2493 comparasse
1499 2427 1570 2470 non
1590 2407 1651 2468 abs
1672 2423 1709 2470 re
1728 2410 1789 2469 est.

331 2527 333 2532 ·
385 2501 550 2598 ”Quamvis
577 2511 670 2576 enim
699 2513 801 2576 multi
826 2533 946 2577 eorum
975 2513 1088 2598 ipsum
1115 2511 1301 2577 Salustium
1321 2521 1493 2579 auctorem
1519 2511 1627 2577 secuti
1648 2527 1719 2573 esse
1737 2507 1790 2573 vi-

384 2619 526 2700 dentur,
546 2615 585 2678 in
605 2617 724 2700 paucis
743 2625 858 2681 tamen
880 2619 922 2680 ab
943 2637 984 2682 eo
1009 2619 1232 2703 dissentiunt,
1252 2640 1328 2701 quae
1347 2639 1409 2682 cur
1427 2620 1470 2681 ab
1490 2617 1555 2682 illo
1575 2621 1634 2680 aul
1652 2614 1788 2698 omissa,

384 2727 444 2790 aut
472 2715 573 2788 a‘liter
602 2729 738 2784 narrata
762 2719 908 2806 luerint,
940 2721 979 2783 in
1008 2721 1291 2806 disceptationem
1314 2725 1509 2786 vocandum
1530 2730 1589 2785 est.
1632 2719 1786 2781 Primum

384 2826 526 2910 quidem
546 2825 627 2890 satis
655 2830 801 2912 constat,
831 2847 919 2909 quos
940 2823 1050 2890 libros
1069 2825 1186 2890 Livius
1206 2827 1249 2888 de
1270 2825 1364 2889 bello
1383 2825 1594 2910 iugurthino
1614 2821 1789 2906 conscrip-

383 2933 476 3017 serit,
496 2931 661 3018 tcmporis
682 2929 810 3012 injuria
829 2932 992 3018 periisse,
1014 2953 1077 2997 nec
1099 2929 1166 2994 nisi
1186 2951 1305 2996 eorum
1325 2939 1788 3016 argumenta,quorumauo·
1875 2989 1882 2995 .

385 3049 495 3103 torem
515 3049 604 3124 sunt,
626 3040 686 3122 qui
695 3039 835 3102 Florum
856 3039 1065 3122 existiment,
1096 3045 1241 3099 aetatem
1263 3035 1390 3102 tulisse.
1430 3035 1496 3099 Sed
1516 3035 1666 3120 spinet.
1688 3035 1787 3102 etos.

383 3140 423 3208 in
451 3146 576 3226 quibus
609 3165 721 3230 pauca
750 3147 792 3210 de
812 3145 907 3210 bello
927 3143 1136 3230 iugurthino
1157 3139 1291 3222 insunt,
1323 3139 1415 3202 nibil
1441 3140 1587 3224 habent,
1615 3141 1710 3221 quod
1728 3139 1787 3201 Sa·

383 3247 482 3313 lustii
502 3249 739 3314 auctoritatem
761 3247 927 3330 infirmet;
961 3249 1028 3313 nisi
1049 3247 1088 3310 in
1107 3247 1285 3332 Jugurtlrae
1303 3244 1418 3309 verbis
1435 3244 1521 3309 levis
1540 3249 1696 3328 quaedam
1715 3244 1787 3308 dis·

383 3355 559 3437 crepantia
579 3362 644 3437 est,
665 3355 708 3416 de
728 3373 795 3434 qua
816 3372 919 3439 supra
937 3351 1210 3418 memoravimus.
1230 3351 1310 3416 vide
1331 3353 1375 3414 ad
1397 3369 1468 3434 cap.
1483 3354 1531 3416 35.
1573 3350 1786 3434 lpsiusFlori

381 3451 519 3534 ‘Rerum
542 3459 794 3520 Romanarum
816 3455 1000 3545 Epitome,
1030 3457 1169 3522 brevior
1190 3465 1256 3542 est,
1285 3479 1388 3539 quam
1417 3457 1512 3538 cujus
1540 3457 1629 3520 ratio
1657 3456 1785 3524 infide

381 3551 522 3624 Salustii
543 3559 768 3622 examinanda
778 3559 908 3623 baberi
926 3561 1052 3644 possit,
1083 3570 1116 3626 et
1144 3561 1245 3626 facile
1272 3561 1457 3649 intelligas,
1478 3569 1583 3626 totam
1606 3561 1678 3642 ejus
1697 3560 1784 3628 belli

381 3664 645 3752 descriptionem
668 3685 708 3728 ex
720 3661 859 3734 Salustii
880 3661 971 3726 libro
993 3681 1065 3728 esse
1086 3665 1295 3749 exscriptam.
1323 3666 1382 3731 eir.
1398 3667 1473 3735 Lib.
1488 3671 1517 3731 3.
1540 3689 1568 3736 c.
1586 3691 1610 3730 ι.
1631 3667 1784 3748 Vellejus

380 3756 578 3838 Paterculus
614 3789 752 3852 quoque
792 3767 990 3831 brevissime
1035 3775 1164 3834 tantam
1196 3790 1268 3834 rem
1301 3770 1546 3857 attigit·atque
1574 3771 1784 3858 perstrinxit.

370 3923 378 3934 .
417 3879 443 3956 l)
466 3879 517 3937 c'lr.
534 3879 662 3937 ‘Heerem
685 3881 705 3937 l.
729 3882 749 3938 l.
770 3899 801 3960 p.
823 3879 888 3942 138.
909 3898 952 3958 sq.
976 3887 1005 3936 et
1026 3898 1113 3957 quem
1136 3879 1185 3938 ille
1207 3877 1323 3936 laudat:
1353 3877 1501 3940 Posidonii
1522 3877 1632 3940 Rhodii
1652 3882 1783 3964 reliquiar

455 3958 611 4018 docuinae.
634 3961 753 4041 collegit
773 3971 861 4042 atque
882 3959 1038 4019 illustrarit
1057 3957 1150 4017 Janus
1170 3957 1254 4018 Bake.
1274 3959 1370 4040 Lugd.
1391 3957 1452 4019 Bal.
1478 3961 1563 4022 1810.

398 4065 442 4134 ’ἢ
455 4063 587 4121 liceren.
609 4063 639 4120 l.'
652 4066 672 4120 l.
693 4085 724 4142 p.
743 4071 807 4128 103.
829 4063 943 4124 Graecos
963 4085 1023 4144 qno
1068 4065 1258 4144 ascriptores
1278 4075 1502 4142 commemorat,
1520 4065 1716 4126 alexandrum
1724 4071 1784 4130 Po-

461 4143 650 4224 lphistorem,
685 4143 859 4204 Dositheum
888 4158 918 4205 et
943 4145 1037 4204 Dorot
1060 4165 1139 4225 eum,
1166 4147 1218 4224 qui
1242 4165 1286 4204 res
1313 4145 1461 4204 Romanas
1479 4167 1514 4206 co
1535 4157 1668 4227 tempore
1686 4160 1780 4229 gestas

461 4227 649 4302 scripserunt.
675 4222 728 4282 cir.
746 4224 817 4285 Voss
837 4225 874 4288 de
895 4227 968 4288 tine
989 4228 1047 4286 lat
1069 4227 1093 4287 1.
1115 4247 1133 4310 9
1155 4237 1183 4286 et
1207 4243 1252 4290 ro.
1312 4223 1464 4288 Lachman
1485 4225 1521 4289 de
1541 4227 1685 4290 Fontibus
1705 4227 1780 4294 llist.

461 4303 494 4366 'l'-
516 4305 587 4365 Livii
609 4325 640 4388 p.
656 4303 705 4376 34.
725 4325 806 4394 seqq.
970 4315 974 4326 '
1011 4316 1014 4324 '
