4106 4974
1607 352 1681 426 sos

264 543 345 608 lam
366 545 461 625 quod
480 542 648 609 Salustius
667 543 736 609 boc
749 559 1023 610 commemorare
1037 538 1177 625 omisit,
1198 539 1329 607 cadem.
1341 537 1560 625 optimatium
1575 551 1610 611 et
1622 565 1680 614 ur·

265 647 323 712 bis
341 646 542 713 incendium
561 649 601 714 iu
618 649 893 736 saturnaliorum
914 649 1040 716 festum
1060 646 1167 715 fuisse
1187 645 1432 731 constitutum,
1459 646 1518 712 rix
1539 649 1573 714 ei
1591 651 1695 736 vitio,

265 751 397 836 aliquis
411 755 570 841 verterit,
592 775 670 820 cnm
680 755 783 836 hujus
793 754 932 820 consilii
943 754 1113 822 rationem
1128 750 1211 817 satis
1229 760 1386 816 accurate
1404 752 1607 842 explicuerit
1625 757 1680 840 (c.
1712 771 1715 774 ·

266 859 358 942 43).
398 863 518 942 Neque
544 861 635 924 hanc
663 859 709 923 ob
731 878 868 924 causam
889 859 992 924 illum
1011 857 1231 945 negligentia
1250 857 1502 944 accusaverim,
1521 864 1617 944 quod
1637 863 1681 928 de

267 962 441 1050 prodigiis
462 963 514 1028 nil
536 963 759 1048 memoravit,
784 949 874 1047 que*
890 971 925 1028 et
944 963 1090 1028 deorum
1110 959 1470 1047 presensauxilium,
1489 972 1525 1030 et
1542 985 1683 1051 prospe-

267 1087 347 1132 rum
367 1069 419 1134 rei
438 1070 824 1153 eventum·portendere
842 1069 1060 1136 ridebantur.
1090 1066 1277 1131 Salustium
1291 1065 1386 1131 euim
1394 1069 1608 1158 Thucydidis
1622 1070 1682 1150 ju·

267 1173 402 1238 dicium
421 1175 478 1238 his
496 1173 535 1239 iu
556 1173 658 1239 rebus
669 1183 830 1239 secutum
850 1193 940 1260 esse,
965 1173 1040 1253 jam
1066 1191 1170 1256 supra
1197 1180 1426 1238 memoratum
1446 1185 1506 1239 cst.
1541 1176 1681 1240 Cicero-

274 1287 490 1363 nemautem,
511 1299 590 1342 cum
608 1299 673 1363 pro
689 1279 823 1344 Rostris
841 1279 1038 1352 orationem¹
1046 1281 1090 1342 ad
1104 1277 1256 1364 Quirites
1270 1279 1428 1364 haberet,
1449 1279 1509 1344 his
1526 1280 1564 1344 in
1577 1282 1680 1346 rebus

271 1381 490 1448 illustrandis
510 1392 706 1447 accuratum
726 1384 851 1470 tuisse,
870 1405 942 1448 non
961 1394 1011 1449 est
1031 1387 1126 1468 quod
1145 1384 1424 1462 miremur,cum
1439 1387 1583 1449 deorum
1599 1404 1681 1450 con·

268 1487 357 1554 silio
372 1490 445 1554 haec
465 1497 559 1576 gesta
577 1488 691 1554 videri
709 1490 901 1575 plurimum
923 1488 996 1570 ejus
1015 1488 1203 1566 interesset,
1234 1489 1294 1553 cir.
1311 1492 1370 1554 Or.
1383 1489 1420 1554 in
1433 1491 1505 1558 Cat.
1520 1491 1552 1566 3,
1564 1492 1592 1555 8.
1611 1490 1681 1556 1)ἰο

270 1595 363 1669 Cass.
378 1599 428 1676 37.
440 1597 488 1672 34.
516 1596 583 1660 Sed
604 1613 681 1679 quas
703 1596 907 1662 Plutarchus
920 1597 962 1664 V.
980 1594 1050 1664 Cic.
1066 1613 1138 1679 cap.
1154 1615 1203 1658 ao.
1223 1594 1414 1679 enarravit,
1435 1593 1593 1662 fabulosa
1602 1596 1683 1676 jure

270 1698 408 1764 dixeris.
439 1701 554 1784 Quare
574 1699 614 1764 in
634 1697 796 1766 laudibus
816 1701 1040 1787 ponendum,
1071 1701 1167 1782 qued
1193 1698 1417 1763 historiarum
1444 1701 1591 1786 scriptor
1610 1704 1683 1768 haec

270 1804 389 1869 omisit
409 1813 511 1886 atque
531 1805 694 1890 neglexit.
713 1805 792 1869 alia
813 1805 915 1869 etiam
934 1804 1078 1870 leviora.
1099 1802 1165 1870 Via
1174 1803 1314 1868 Aurelia
1326 1804 1420 1869 enim
1433 1805 1619 1870 Catilinam
1633 1825 1685 1872 es.
1705 1851 1707 1857 ,

269 1925 308 1974 ae
323 1908 515 1993 profectum
537 1909 656 1972 Cicero
667 1908 809 1992 quidem
830 1917 951 1974 auctor
969 1903 1042 1995 est,
1060 1911 1118 1976 Or.
1136 1911 1207 1972 Cat.
1223 1932 1250 1972 ι.
1262 1931 1292 1993 9.
1314 1918 1551 1994 trecentosque
1572 1929 1683 1974 arma·

272 2021 326 2078 tos
346 2031 425 2101 eum
445 2032 517 2078 esse
536 2021 669 2078 secutos
689 2013 895 2080 Plutarchus
917 2023 1063 2081 testatur
1087 2019 1127 2081 V.
1150 2015 1220 2083 cic.
1241 2019 1289 2078 18.
1316 2017 1387 2078 Sed
1412 2036 1492 2079 cum
1517 2015 1694 2080 Salustius-

272 2119 472 2203 narraverit,
491 2119 738 2182 eumincastra
750 2119 923 2183 Manliana
944 2139 1016 2207 esse
1036 2118 1238 2204 profectum,
1259 2119 1345 2200 quid
1360 2129 1447 2204 erat,
1466 2119 1684 2202 quodetiam

277 2225 322 2287 de
340 2223 399 2286 via
418 2221 610 2286 accuratius
630 2225 842 2307 exponeret?
871 2223 916 2288 tt
935 2224 1047 2288 multo
1065 2223 1257 2288 accuratius
1277 2223 1397 2288 Cicero
1417 2227 1461 2289 de
1480 2224 1585 2290 variis
1603 2233 1685 2289 cou-

270 2327 465 2408 juratorum
484 2325 669 2412 generibus
688 2325 853 2413 exposuit.
875 2329 935 2393 Or.
955 2331 1027 2393 Cat.
1046 2349 1075 2394 a.
1092 2331 1203 2392 S-ro
1222 2331 1289 2395 Sed
1306 2329 1460 2394 conteras
1482 2330 1587 2416 mibi,
1609 2351 1686 2414 quae

275 2434 321 2498 de
340 2435 460 2499 eadem
481 2451 520 2496 re
538 2431 605 2499 Sal.
628 2451 702 2518 cap.
723 2448 772 2511 rt.
785 2440 819 2498 et
839 2437 889 2502 sti.
908 2435 1097 2516 enarraris
1124 2434 1392 2516 Ciceronemque
1409 2435 1588 2499 verbosius
1608 2435 1688 2518 qui-

274 2540 355 2604 dem
375 2537 553 2624 magisque
574 2537 746 2623 oratorio,
767 2541 962 2620 quodcum
983 2541 1144 2624 decebat,
1173 2560 1298 2625 genere
1326 2539 1468 2604 dicendi
1493 2527 1566 2606 hac
1587 2542 1688 2606 illus-

272 2652 379 2712 traua
399 2641 545 2727 dixeris,
564 2645 624 2706 sed
646 2642 850 2729 diligentius
869 2645 1129 2728 accuratiusque
1159 2644 1356 2710 Salustium.
1391 2645 1479 2732 Saga
1507 2665 1528 2708 a
1556 2648 1688 2710 Rorna-

274 2750 331 2818 ιώ
350 2758 462 2814 sumtu
479 2768 554 2814 esse
574 2748 829 2831 tumultumque
856 2767 929 2814 esse
950 2751 1146 2834 decretum,
1175 2755 1269 2833 quod
1297 2752 1366 2815 Dio
1388 2758 1474 2814 cass.
1506 2756 1556 2831 ³7·
1583 2757 1634 2815 33.
1653 2761 1687 2817 et

272 2857 327 2922 35.
354 2854 525 2937 narrarit,
544 2855 714 2918 Salustius
741 2863 775 2918 et
795 2855 964 2936 ipsecap.
982 2874 1029 2932 ¹9·
1050 2853 1232 2938 siguificat.
1264 2855 1330 2918 Sed
1352 2857 1474 2919 eodem
1487 2854 1566 2916 loco
1580 2852 1686 2919 salsus

275 2968 330 3026 est
349 2959 417 3022 Dio
436 2957 596 3041 Cassius,
621 2956 684 3038 qui
704 2955 889 3022 Catilinam
909 2975 930 3020 a
950 2965 1070 3022 senatu
1090 2957 1298 3022 inexilium
1319 2961 1465 3038 eiectum
1492 2980 1564 3024 esse
1591 2959 1689 3034 dicit.

273 3067 354 3151 Qua
373 3082 473 3130 exre
494 3062 690 3147 colligitur,
720 3081 792 3124 non
812 3061 863 3125 ita
886 3079 1046 3146 magnam
1066 3061 1192 3126 Diouis
1212 3047 1320 3126 Cassii
1339 3083 1412 3127 esse
1432 3051 1687 3154 auctoritatem,

275 3179 407 3254 quanta
429 3167 549 3232 miultis
569 3186 640 3232 esse
659 3167 935 3232 videtne-Sed
956 3167 1047 3230 dicat
1067 3166 1209 3232 fortasse
1230 3167 1375 3254 aliquis,
1394 3171 1574 3237 aSalustio
1586 3173 1687 3237 omit-

232 3353 233 3356 ,
276 3277 307 3342 ti
329 3295 401 3340 non
421 3273 597 3356 debuisse,
618 3273 714 3352 cujus
734 3272 787 3338 rei
806 3271 926 3340 Cicero
945 3280 1144 3356 auctorest,
1165 3274 1278 3356 (Orat.
1301 3276 1371 3339 Cat.
1384 3279 1414 3344 3.
1426 3280 1478 3359 3.)
1500 3261 1687 3343 maximum

162 3433 164 3441 2
274 3381 430 3447 sicarum
449 3388 485 3446 et
504 3379 702 3464 gladiorum
723 3398 907 3443 numerum
926 3377 967 3442 in
987 3376 1120 3458 Cetheji
1138 3378 1271 3444 aedibus
1289 3383 1358 3442 aC.
1369 3382 1523 3467 Sulpicio
1543 3395 1690 3469 pretore
1792 3374 1795 3380 Δ

280 3505 352 3554 esse
375 3487 639 3571 deprehensum.
662 3487 749 3550 Cum
770 3492 887 3550 autem
908 3491 958 3550 tot
979 3493 1012 3550 et
1033 3493 1105 3548 tam
1125 3484 1307 3550 manifesta
1326 3488 1574 3569 conjurationis
1593 3491 1689 3557 indi·

277 3591 334 3657 cia
353 3599 486 3675 essent,
504 3611 627 3676 parum
647 3589 783 3676 retulit,
802 3611 912 3654 unum
932 3591 1120 3656 alterumve
1140 3589 1305 3682 adjicere,
1334 3598 1429 3677 quod
1449 3617 1522 3661 rem
1543 3598 1689 3663 certissi-

279 3709 373 3760 mam
394 3697 504 3782 magis
523 3697 628 3761 etiam
647 3696 809 3760 firmaret.
848 3699 901 3763 De
921 3695 1054 3759 indicio
1075 3699 1195 3758 contra
1214 3699 1370 3762 Crassum
1399 3700 1490 3764 facto
1529 3719 1607 3764 cum
1626 3703 1687 3766 Sa-

279 3801 405 3866 lustius
425 3802 678 3867 accuratissime
698 3800 889 3886 scripserit,
914 3799 1106 3884 permirum
1129 3800 1196 3863 hoc
1215 3803 1334 3868 multis
1353 3804 1530 3888 rideatur,
1551 3805 1686 3872 nullam

179 3933 188 3952 ·
279 3908 385 3993 plane
405 3907 584 3973 literarum
615 3907 829 3972 mentionem
857 3905 1044 3968 aSalustio
1069 3923 1141 3970 asse
1168 3904 1311 3993 iactam,
1340 3928 1416 3990 quae
1441 3911 1626 3978 Plutarcho
1653 3921 1686 3978 et

280 4013 395 4078 Dione
416 4015 613 4080 auctoribus
632 4013 725 4100 (Vir.
756 4011 828 4084 Cic.
860 4031 929 4095 cap.
946 4013 993 4074 rb.
1023 4008 1092 4073 Dio
1121 4014 1172 4092 37.
1204 4013 1281 4095 ³1.)
1314 4017 1358 4077 ad
1391 4015 1548 4080 Crassum
1582 4017 1687 4081 alios-

282 4137 350 4199 que
369 4118 541 4204 primores
561 4121 663 4204 data,
683 4107 781 4184 utin
800 4135 945 4204 magno,
965 4118 1060 4199 quod
1079 4116 1243 4204 instaret,
1266 4120 1422 4205 periculo
1443 4122 1511 4186 sibi
1531 4131 1688 4187 caverent

741 4257 743 4262 Α
1004 4253 1009 4262 .
1399 4227 1423 4270 s
