4116 4970
383 357 431 428 28

385 556 499 621 paucae
518 543 647 602 exstent
673 535 838 618 reliquie.
867 537 1048 622 Templum
1071 535 1174 600 etiam
1196 535 1302 600 hodie
1328 533 1378 600 ibi
1400 534 1628 620 conspicitur,
1645 529 1782 598 nemini

385 642 561 726 ignotum,
573 639 633 720 qui
643 642 832 702 Romanam
845 650 968 704 terram
982 640 1254 724 perlustraverit,
1268 641 1612 704 VenerisSalustianae
1628 638 1783 722 nomine,

388 754 562 810 constante
574 745 672 826 sama,
682 755 923 828 nuncupatum.
939 747 1014 808 Hoc
1023 764 1160 826 quoquc
1171 763 1296 808 nomen
1305 745 1386 807 licet
1394 746 1437 806 ab
1449 742 1651 824 antiquariis
1660 743 1781 806 inven-

387 857 457 908 tum
467 849 530 932 sit,
544 857 655 912 tamen
668 848 832 931 templum
845 847 1070 924 Venerisjurc
1086 847 1275 934 nominari,
1288 860 1416 912 certum
1424 856 1483 912 est.
1494 849 1674 930 Templum
1687 846 1780 908 enim

387 953 528 1016 Veneris
548 953 586 1014 in
609 951 767 1016 hortulis
787 946 1004 1014 Salustianis
1025 950 1080 1012 vel
1109 949 1219 1012 Rufus
1246 950 1422 1033 nominat,
1448 951 1601 1012 misellus
1624 951 1782 1035 regiona-

386 1053 477 1138 rius,
495 1075 598 1136 quem
615 1075 685 1118 non
698 1056 848 1138 pudebat
865 1054 1069 1118 vastissimas
1084 1051 1180 1116 urbis
1196 1053 1337 1116 delicias
1351 1053 1507 1116 hortulos
1521 1053 1645 1120 dicere.
1666 1052 1783 1135 Quid?

370 1160 480 1238 ,quod
489 1158 598 1242 lapidi
605 1159 736 1236 abjecto
744 1157 924 1241 inscriptio
931 1157 985 1220 vel
995 1159 1222 1240 destructo,ut
1233 1157 1380 1238 videtur,
1395 1157 1592 1240 anaglypho
1606 1155 1774 1238 descripta

387 1260 480 1326 idem
498 1260 665 1347 significat
686 1260 746 1327 cir.
762 1262 857 1322 Grut.
878 1263 1029 1343 XXXDi,
1050 1277 1080 1336 4.
1110 1263 1220 1345 Quem
1237 1262 1377 1345 quidem
1398 1260 1548 1342 lapidem
1568 1260 1688 1321 eodem
1705 1258 1784 1320 locu

388 1357 548 1428 effossum
567 1383 638 1427 esse
657 1365 695 1424 A.
706 1363 844 1424 Fulvius
864 1372 897 1425 et
917 1367 1051 1427 Faunus
1072 1362 1251 1430 affirmant.
1279 1365 1383 1428 Addit
1402 1362 1541 1426 Fulvius
1560 1359 1724 1424 asservari
1744 1359 1781 1422 id

389 1485 539 1528 marmor
553 1465 591 1528 in
612 1469 716 1528 domo
734 1467 858 1550 Angeli
876 1466 1049 1544 cujusdam
1075 1467 1217 1551 Colotii,
1238 1469 1333 1546 cujus
1352 1485 1469 1530 murus
1486 1467 1695 1529 cireoFlorae
1715 1464 1781 1552 im·

389 1567 507 1632 minet.
529 1569 617 1651 (che
638 1588 698 1632 ora
713 1589 812 1653 sopra
827 1569 853 1630 il
874 1570 966 1634 circo
985 1570 1022 1632 di
1043 1572 1144 1634 Flora
1164 1579 1307 1634 attacato
1327 1571 1383 1634 nel
1407 1589 1506 1633 muro
1529 1569 1565 1632 di
1589 1588 1659 1630 una
1680 1566 1785 1653 rigna

391 1681 594 1752 conquesta
619 1672 794 1736 iscrizione
814 1673 843 1736 si
860 1673 967 1756 rede)
1010 1675 1085 1737 Jarn
1106 1676 1246 1737 domum
1270 1673 1368 1736 istam
1386 1683 1424 1737 ut
1444 1696 1518 1738 eam
1539 1673 1766 1738 existimarem

290 1837 297 1848 ‚
390 1795 466 1853 quae
483 1775 656 1858 hodieque
674 1777 799 1860 templo
819 1778 961 1842 Veneris
982 1778 1160 1864 imminet,
1181 1781 1200 1860 (
1208 1779 1280 1841 sive
1297 1777 1342 1841 sit
1363 1777 1539 1862 proxima,
1556 1797 1660 1857 quam
1676 1776 1785 1840 vinee

391 1881 547 1942 custodes
566 1880 722 1942 habitant
728 1922 742 1963 ,
759 1881 832 1943 sire
845 1881 1060 1963 praestantior
1077 1885 1181 1964 aedcs,
1202 1881 1276 1964 ipso
1293 1880 1404 1945 Servii
1424 1901 1522 1944 muro
1541 1879 1787 1964 superimposi-

391 1981 467 2065 ta),
489 2003 560 2045 non
583 2004 637 2046 me
658 1991 808 2048 moveret
823 1985 960 2046 Gruteri
985 1985 1022 2046 in
1045 1985 1101 2047 his
1119 1986 1219 2047 rebus
1238 1983 1360 2068 exigua
1382 1986 1581 2068 auctoritas,
1601 1985 1663 2064 qui
1685 1983 1722 2044 in
1743 2001 1785 2045 co

389 2083 464 2168 ipso
487 2087 660 2171 (Colotii)
684 2089 780 2172 loco,
800 2089 936 2172 templi,
958 2087 1092 2170 inquit,
1110 2085 1252 2152 Veneris
1276 2094 1419 2172 augusta
1439 2088 1584 2171 vestigia
1599 2087 1711 2150 adhuc
1728 2105 1787 2148 cx-

390 2195 489 2252 stant.
502 2190 520 2221 '’
556 2192 622 2255 Sed
643 2203 755 2255 movet
775 2213 829 2256 me
850 2194 940 2255 ultra
964 2191 1244 2277 probabilitatem
1273 2191 1399 2256 deserti
1427 2191 1611 2276 paucisque
1632 2187 1786 2254 edificiis

393 2294 548 2374 occupati
563 2294 647 2378 loci,
668 2295 765 2360 Lucii
784 2297 893 2359 Fauni
916 2295 1017 2374 fidos,
1037 2296 1099 2379 qui
1117 2296 1218 2358 illum
1243 2295 1393 2380 lapidem
1410 2295 1447 2358 in
1462 2315 1560 2358 muro
1579 2294 1683 2358 luisse
1702 2292 1788 2356 dicit

393 2394 484 2458 circo
500 2397 711 2462 imminente.
731 2400 839 2463 Florae
852 2401 980 2461 circum
994 2399 1127 2482 innuit,
1149 2417 1219 2461 non
1232 2399 1387 2483 Salustii,
1404 2398 1474 2462 scio
1493 2408 1527 2461 et
1543 2398 1659 2460 fateor.
1678 2397 1745 2459 Sed
1757 2395 1788 2461 si

399 2498 476 2577 quis
491 2500 642 2564 diversos
659 2521 716 2564 eos
734 2504 841 2566 circos
856 2503 1036 2585 existimet,
1058 2524 1133 2583 quae
1152 2523 1205 2566 rcs
1222 2503 1310 2566 mihi
1325 2502 1465 2584 quidem
1478 2522 1598 2587 parum
1609 2502 1787 2584 estproba·

393 2599 496 2682 bilis,
516 2601 552 2661 id
568 2613 657 2664 certe
672 2603 760 2664 mihi
782 2607 962 2685 concedet,
981 2605 1036 2665 vel
1061 2605 1134 2666 sine
1158 2608 1193 2670 1.
1208 2607 1316 2670 Fauni
1337 2607 1548 2689 testimonio,
1562 2605 1731 2688 lapidem,
1747 2601 1786 2666 in

394 2723 463 2784 quo
483 2703 614 2768 mentio
635 2705 753 2788 templi
769 2705 843 2790 fiat,
861 2705 899 2768 in
918 2725 958 2768 eo
978 2705 1104 2788 templo
1123 2701 1280 2769 effossum
1295 2727 1381 2793 esse,
1402 2714 1496 2790 quod
1513 2710 1624 2774 solum
1641 2707 1691 2770 ibi
1704 2706 1786 2770 fuis-

393 2825 429 2870 se
443 2808 578 2872 dicitur.
600 2813 716 2892 Neque
729 2809 765 2872 id
779 2809 1030 2872 dubitationem
1044 2819 1193 2893 moveat,
1213 2814 1306 2891 quod
1323 2834 1400 2875 cum
1412 2814 1555 2878 Veneris
1569 2813 1732 2894 templum
1748 2810 1785 2872 in

392 2912 502 2978 hortis
519 2914 720 2978 Salustianis
743 2914 844 2978 fuisse
860 2914 1010 2994 dicatur,
1031 2914 1150 2997 templi
1173 2916 1296 2978 rudera
1316 2916 1353 2980 in
1374 2917 1465 2980 circo
1485 2917 1563 2983 sint.
1594 2915 1679 2999 Quis
1693 2913 1786 2976 enim

393 3013 548 3100 ignorat,
568 3020 753 3103 Venerem,
774 3021 895 3102 credo,
916 3019 997 3101 quia
1017 3017 1139 3101 populi
1156 3019 1304 3103 genitrix
1321 3019 1518 3104 putabatur,
1540 3019 1704 3100 templum
1726 3019 1788 3078 ha-

393 3119 506 3180 buisse
523 3133 554 3182 et
573 3122 610 3180 in
634 3122 724 3183 circo
751 3124 919 3199 Maximo,
949 3133 981 3186 et
1008 3123 1046 3184 in
1071 3122 1228 3204 Pompcji
1249 3126 1390 3186 theatro.
1436 3127 1553 3202 Neque
1576 3123 1689 3184 ullum
1714 3118 1787 3184 fore

393 3220 615 3301 crediderim,
636 3223 697 3300 qui
716 3225 1009 3286 autSalustianum
1029 3243 1099 3289 esse
1118 3225 1245 3312 circum
1267 3235 1383 3309 neget,
1404 3224 1553 3307 positum
1566 3225 1603 3290 in
1620 3225 1714 3307 loco,
1726 3221 1788 3304 qui

392 3343 525 3407 semper
542 3323 680 3388 Salustii
701 3326 980 3406 nuncupabatur,
1009 3334 1068 3386 aut
1095 3328 1239 3388 eundem
1263 3347 1334 3389 non
1360 3335 1437 3412 apte
1469 3349 1546 3390 cum
1574 3328 1683 3392 hortis
1705 3347 1788 3391 con·

387 3425 545 3504 junctum
565 3427 675 3510 dicat,
695 3447 772 3489 cum
791 3427 829 3488 in
848 3427 1019 3489 Hadriani
1039 3428 1148 3491 hortis
1169 3429 1436 3515 hippodromus,
1456 3432 1493 3494 in
1514 3431 1659 3494 Nemnis
1679 3431 1787 3494 circus

392 3525 505 3596 suerit.
551 3530 690 3593 Summo
723 3540 836 3592 autem
865 3531 1047 3612 splendore
1081 3541 1182 3612 atque
1214 3533 1466 3617 magnificentia
1497 3534 1637 3598 Salustii
1668 3535 1787 3598 hortos

393 3633 497 3700 fuisse
520 3643 717 3720 exornatos,
745 3636 811 3698 hoc
834 3653 971 3716 quoque
1001 3645 1049 3697 est
1069 3635 1289 3719 testimonio,
1318 3641 1411 3718 quod
1432 3637 1533 3700 multi
1556 3640 1699 3701 Caesares
1726 3639 1787 3700 Sa·

394 3736 559 3802 lustianos
572 3741 706 3824 hortos,
726 3749 763 3803 ut
773 3743 867 3804 sedes
882 3737 1139 3822 amenissimas,
1153 3739 1420 3821 frequentarunt.
1442 3745 1536 3804 Inter
1546 3743 1686 3823 rudera,
1702 3760 1787 3821 quo·

397 3859 472 3900 rum
493 3847 583 3924 apud
608 3837 922 3908 Fulvium'Vaccam
946 3846 995 3926 (l.
1010 3845 1057 3926 c.)
1087 3845 1216 3908 mentio
1238 3845 1293 3928 fit,
1323 3847 1457 3908 canales
1478 3844 1633 3928 plumbei
1660 3843 1788 3927 reperti

395 3951 494 4025 sunt,
515 3945 639 4024 quibus
656 3949 800 4011 Neronis
827 3969 952 4012 nomen
978 3946 1088 4010 iuerat
1111 3947 1330 4030 inscriptum,
1350 3949 1411 4030 qui
1435 3957 1467 4010 et
1490 3948 1561 4030 ipse
1584 3946 1718 4031 fugiens
1742 3949 1786 4010 de

394 4057 498 4129 ponte
521 4047 642 4110 Milvio
657 4051 865 4113 Salustianos
886 4053 922 4112 in
946 4054 1062 4115 hortos
1081 4052 1251 4114 remeavit.
1281 4052 1378 4133 (Tac.
1403 4053 1524 4113 Annal.
1551 4057 1606 4133 13,
1628 4049 1699 4131 47.)
1733 4051 1785 4114 De

396 4152 600 4235 Vespasiano
614 4151 682 4248 Dio
701 4154 833 4216 Cassius
850 4156 963 4220 LXVI.
978 4159 1048 4234 7⁵0·
1066 4157 1104 4216 A.
1139 4153 1244 4240 (ilipa
1264 4149 1322 4239 pub
1341 4153 1371 4222 ir
1386 4155 1427 4240 lui
1444 4155 1578 4240 παλαἹίῳ
1599 4149 1682 4227 ἄκεα,
1698 4147 1731 4224 li
1751 4147 1785 4224 ii
