4106 4974
398 398 505 490 9⁸·

344 573 349 586 “
396 576 523 664 perio,
545 601 628 648 cum
648 589 763 674 togas
783 587 841 654 cui
860 585 944 652 addi
962 593 1074 674 potest
1094 605 1176 650 curn
1191 581 1387 670 potestate
1400 575 1738 674 csse,·-fistincr·e
1754 581 1809 646 ri·-

319 713 324 724 ·
402 687 447 752 de
467 687 585 750 Caton.
607 692 699 774 apud
720 690 810 756 Geli.
833 693 880 756 16.
903 707 953 770 rt.
972 693 1098 781 ..aliud
1123 699 1173 756 est
1192 705 1396 778 properare,
1423 687 1523 754 aliud
1543 686 1716 754 testmsre.
1746 687 1810 772 qui

403 811 513 856 unum
532 793 620 876 quid
638 802 772 862 mature
792 797 967 886 transigit,
995 799 1027 864 is
1044 806 1225 885 properam
1253 795 1315 880 qui
1334 795 1445 860 multa
1468 793 1575 860 simul
1602 794 1728 880 incipit
1748 815 1810 860 ne·

403 919 471 978 que
490 899 639 983 perlicit,
660 899 692 964 is
711 900 887 968 iestinst.”
904 939 949 958 -
980 896 1184 970 insomniis.
1223 901 1448 968 Grammatici
1466 901 1618 967 divenas
1637 901 1810 988 signitica-

402 1002 515 1070 tiones
534 1004 717 1075 insomnia
736 1017 771 1074 et
788 997 1051 1076 insomnii'esse
1068 1015 1231 1076 statuunt.
1260 991 1323 1072 cir.
1342 1010 1430 1074 vett.
1449 1007 1603 1082 Gratum.
1625 1009 1719 1092 apud
1739 1007 1809 1070 Go-

400 1109 506 1176 thol'r.
525 1135 562 1198 p.
576 1117 664 1180 1361.
682 1113 854 1200 pluralem
872 1111 1057 1182 insomnia
1076 1115 1212 1180 somnis
1233 1113 1430 1202 significae
1452 1114 1600 1199 volunt,
1627 1110 1709 1178 ride
1727 1113 1810 1176 doc·

401 1222 474 1280 tam
493 1217 761 1286 illustrationem
772 1220 1044 1286 MacrobiiCom.
1064 1221 1103 1286 in
1123 1221 1432 1306 somn.Scip.1,³.
1452 1217 1673 1286 insomnium
1691 1217 1810 1304 singu·

401 1320 470 1386 lsri
496 1345 643 1393 numero
667 1325 807 1414 vigilias
832 1325 1113 1414 interpretantur.
1153 1327 1221 1392 Sed
1248 1327 1316 1398 Sal.
1345 1327 1451 1394 etiarn
1470 1320 1662 1392 insomniis
1686 1331 1809 1388 neutro

403 1428 533 1510 plurali
570 1411 647 1516 pro'
661 1432 796 1519 vigiliis
825 1451 907 1498 usus
939 1440 1000 1496 est.
1027 1421 1095 1500 cfr(
1124 1433 1186 1518 Ep.
1215 1431 1408 1500 Mithridst.
1431 1433 1565 1520 Fragm.
1588 1429 1683 1494 ilict.
1712 1431 1750 1492 l..
1778 1443 1809 1504 4.

405 1533 612 1600 ra.·Pcrsen
637 1573 680 1592 -
710 1533 903 1605 insomniis
922 1533 1098 1604 occidere.
1114 1573 1159 1592 ·-
1190 1533 1407 1624 intempesta
1426 1539 1511 1608 Fert.
1542 1535 1809 1620 «intempestam

405 1647 542 1703 noctem
563 1640 713 1708 dicimus
730 1661 797 1728 pro
816 1643 1002 1711 incertiore
1022 1653 1198 1729 tempore,
1218 1645 1302 1726 quia
1322 1663 1394 1709 non
1413 1650 1484 1708 tam
1505 1641 1608 1706 facile
1621 1637 1731 1704 noctis
1744 1639 1810 1702 ho·
1835 1652 1841 1659 ·

403 1762 470 1829 rm,
499 1766 605 1830 quarn
624 1747 698 1816 diei
716 1757 861 1835 possunt
879 1748 1042 1838 intelligi.
1055 1751 1075 1786 ”
1116 1749 1243 1816 rectius
1261 1751 1372 1816 Varro
1391 1749 1483 1834 apud
1503 1745 1654 1812 Macrob.
1671 1745 1811 1806 Saturn.

405 1871 432 1912 r.
454 1856 483 1914 3.
523 1850 758 1941 intempesta,
794 1879 889 1942 qnae
918 1879 996 1924 non
1024 1857 1133 1924 habet
1153 1853 1324 1923 idoneum
1347 1863 1488 1938 tempus
1507 1851 1614 1917 rebus
1630 1843 1811 1940 gerendis.

282 1977 284 1984 ‘
402 1957 525 2022 eodem
544 1959 623 2024 loco
643 1962 708 2024 lras
739 1963 851 2028 noctis
870 1972 984 2048 partes
1011 1983 1082 2030 esse
1109 1964 1238 2027 statuit.
1272 1957 1400 2046 primo
1411 1955 1508 2050 foc,
1530 1951 1729 2036 concubia,
1754 1949 1811 2016 in-

401 2071 595 2148 tempesta,
613 2063 754 2132 mediae
771 2065 895 2134 noctis
912 2064 1132 2150 inclinatio,
1160 2061 1403 2158 gallicinium.
1428 2057 1680 2130 conticinium.
1716 2059 1812 2120 unde

274 2158 284 2176 “
402 2165 545 2254 colligas
564 2168 806 2258 intempestam
826 2181 963 2239 noctem
986 2173 1060 2240 iere
1087 2176 1232 2239 eandem
1257 2171 1352 2255 dici,
1379 2187 1483 2253 quarn
1505 2173 1642 2232 noctem
1661 2162 1811 2228 medians

402 2272 530 2338 dicunt.
552 2276 646 2342 idem
665 2277 738 2344 iere
756 2279 877 2344 statuit
901 2281 994 2348 Serv.
1014 2282 1060 2344 ad
1079 2282 1164 2344 Aen.
1187 2283 1215 2343 5.
1238 2279 1308 2359 587.
1328 2273 1543 2360 paraverat.
1581 2269 1726 2334 Indicst.
1746 2281 1811 2353 pro

401 2379 632 2458 conjunctivo.
659 2385 827 2450 Salustius
848 2385 942 2450 enim
962 2405 1060 2449 more
1078 2384 1285 2470 scriptorum
1305 2383 1504 2446 Graecorunr
1522 2375 1646 2462 sepius
1661 2373 1811 2442 orationi

255 2501 258 2508 ’
346 2555 347 2561 ¹
405 2485 556 2566 obliqusr
578 2488 807 2553 indicativum
826 2493 970 2554 modum
1000 2489 1218 2574 interposuit.
1235 2487 1298 2552 clr.
1318 2483 1474 2550 Matthia
1491 2483 1549 2550 Gr.
1563 2482 1622 2543 Gr.
1643 2479 1673 2566 ς.
1690 2485 1758 2560 ⁵⁰7·
1779 2483 1809 2544 ³·

401 2591 467 2652 Sed
488 2590 605 2654 multae
627 2602 707 2654 sunt
725 2595 910 2659 verborum
930 2603 1117 2677 structura,
1135 2595 1200 2656 ubi
1219 2595 1293 2658 haec
1313 2594 1496 2656 modorum
1515 2586 1722 2674 permutatio
1745 2584 1812 2647 mi-

406 2713 471 2756 nus
492 2700 542 2757 est
562 2693 724 2782 insolita,
745 2697 785 2760 in
804 2697 999 2784 periphrasi
1019 2697 1184 2782 maxime,
1204 2697 1320 2779 qualis
1338 2699 1406 2762 hoc
1427 2695 1506 2760 loco
1527 2702 1587 2760 est.
1626 2691 1685 2754 cir.
1705 2709 1812 2774 supra

400 2819 471 2884 cap.
492 2815 541 2876 14.
564 2797 812 2888 juventatem,
829 2825 928 2888 ¹qnae
948 2800 1139 2878 Catilinae
1156 2803 1304 2870 domurn
1312 2798 1594 2893 frequentabat.
1613 2807 1647 2862 et
1667 2813 1717 2866 aa.
1734 2796 1814 2884 fic-

402 2917 443 2970 to
466 2927 541 2972 esse
560 2905 667 2974 abiis
687 2907 754 2994 qui
772 2913 977 2977 credebant.
999 2909 1071 2974 imo
1092 2907 1302 2973 indicativus
1319 2907 1506 2992 saepissime
1521 2902 1683 2991 jungitur
1701 2901 1810 2966 inter·

400 3014 564 3100 negativis
583 3015 917 3103 indefinite'positis.
937 3014 999 3080 cfr.
1019 3014 1090 3078 Cic.
1111 3016 1154 3078 de
1176 3008 1244 3082 Off.
1268 3035 1295 3081 r.
1317 3033 1346 3093 7.
1368 3009 1571 3094 experri-unt
1589 3009 1685 3074 unde
1705 3007 1811 3073 verba
1902 3063 1906 3070 .

400 3121 488 3200 iant
510 3121 632 3185 ducto.
651 3124 733 3188 ride
753 3125 893 3188 Ruhnk.
915 3125 960 3189 ad
970 3121 1083 3186 Rutil.
1104 3123 1190 3207 Lup.
1210 3122 1255 3184 de
1275 3117 1333 3206 fig.
1354 3123 1499 3182 sentent.
1518 3119 1561 3184 11.
1584 3119 1614 3180 6.
1635 3117 1698 3196 983
1717 3113 1810 3180 idem

400 3222 523 3306 sepius
543 3223 587 3286 tit
607 3225 645 3287 in
666 3227 824 3292 oratione
838 3229 983 3309 obliqua
1002 3236 1037 3290 et
1057 3225 1312 3291 constructione
1330 3216 1514 3290 accusativi
1533 3241 1613 3286 eum
1625 3219 1811 3285 infinitivo.

401 3327 460 3394 cfr.
482 3327 551 3391 Cic.
573 3332 617 3392 de
638 3329 754 3396 sina
778 3343 827 3392 ts.
842 3338 970 3414 putot.
982 3338 1010 3398 5.
1020 3350 1049 3410 7.
1071 3325 1207 3393 dicunt.
1228 3333 1259 3391 3.
1284 3333 1333 3397 15.
1353 3323 1541 3396 contineri
1550 3333 1687 3412 potest.
1708 3341 1738 3402 t.
1762 3347 1810 3390 rr.
1858 3343 1868 3364 ’

401 3451 494 3510 quoe
511 3443 599 3496 sunt
620 3431 659 3496 in
679 3455 843 3519 corpore.
864 3453 895 3512 4.
917 3453 967 3505 ar.
985 3431 1183 3521 perficiunt
1203 3433 1453 3501 et'obsolvrsnt
1474 3435 1504 3503 5.
1526 3455 1557 3516 7.
1579 3451 1808 3517 quaeserun-

400 3535 485 3598 dnm
505 3543 789 3602 natur-amum
809 3543 838 3602 5.
862 3545 910 3603 sl.
951 3561 1045 3621 quae
1057 3537 1261 3622 plurimum
1287 3539 1422 3605 habent
1447 3519 1687 3605 auctoriiatis
1708 3541 1737 3601 5.
1759 3523 1814 3603 35.
1933 3567 1937 3576 ·

399 3643 517 3708 multo
526 3637 697 3734 faciunt.
718 3646 762 3708 de
783 3637 851 3708 Off.
874 3667 901 3711 r.
921 3663 952 3726 9.
992 3651 1167 3728 expetunt
1185 3681 1229 3700 -
1254 3647 1374 3712 soient
1395 3661 1424 3708 a.
1446 3647 1476 3712 5.
1518 3651 1659 3726 quanto
1683 3644 1811 3726 plures

399 3745 509 3814 deleti
525 3759 622 3815 sunt.
658 3773 687 3820 r.
715 3754 767 3816 26.
805 3759 946 3835 quanto
967 3752 1177 3836 superiores
1195 3772 1322 3816 snmus
1341 3767 1371 3816 a.
1391 3771 1422 3833 7.
1464 3758 1644 3834 qnantum
1666 3749 1760 3812 volet
1779 3751 1810 3809 ³·

400 3873 428 3928 7.
464 3874 557 3933 quoe
576 3859 713 3927 solunt.
748 3858 874 3941 quibus
900 3857 1065 3922 omnibus
1088 3857 1175 3921 locis
1196 3859 1325 3922 Ernest.
1346 3875 1410 3921 suo
1429 3875 1526 3945 prore
1550 3851 1808 3933 conjunctivum

398 3957 524 4039 posuit.
555 3959 622 4022 Sed
639 3963 708 4024 troc
728 3962 811 4026 satis
830 3971 979 4047 constat,
1007 3963 1051 4025 iis
1071 3981 1148 4044 que
1168 3963 1212 4026 ab
1232 3963 1312 4027 aliis
1333 3962 1445 4047 dicta,
1470 3961 1561 4026 facta
1580 3970 1639 4023 aut
1660 3959 1810 4044 cogitata

393 4063 603 4146 'namantur,
632 4066 756 4149 sapius
782 4067 959 4153 interponi
987 4067 1095 4152 ipsius
1122 4067 1273 4132 auctoris
1297 4066 1470 4147 judicium
1491 4068 1597 4151 idque
1617 4062 1808 4128 indicativo

398 4171 501 4232 modo
523 4167 680 4254 exprimi.
708 4171 768 4234 sed
788 4171 857 4235 alia
878 4183 957 4236 sunt
975 4155 1154 4258 tocs,'ubi
1173 4173 1232 4238 vix
1252 4173 1329 4240 lieri
1341 4193 1441 4259 posse
1458 4173 1622 4256 ridetur,¹
1638 4178 1679 4234 ut
1692 4171 1736 4232 ad
1752 4167 1809 4253 ip·

397 4291 471 4336 sum
491 4283 665 4342 auctorem
697 4275 780 4342 talia
809 4277 1011 4356 referantur.
1048 4277 1249 4358 Cuiusmodi
1269 4286 1320 4345 est
1339 4279 1436 4344 locus
1455 4296 1561 4363 supra
1581 4275 1741 4340 laudatus
1762 4273 1808 4337 de
