4108 4976
1589 331 1591 336 ι
1608 399 1681 480 325

276 617 341 685 pro
362 595 434 684 ipsi
450 600 505 664 vel
525 597 609 681 siba}
627 599 842 686 jam'saepius
862 599 1003 684 quidem
1025 599 1192 684 vidimus,
1212 620 1232 663 a
1251 598 1401 666 Salustio
1415 618 1607 686 pronomen
1621 596 1683 666 ille

277 704 380 789 poni,
398 707 461 770 ubi
473 707 577 771 ceteri
594 709 775 793 scriptores
794 705 865 772 fere
886 707 1067 784 omittunt,
1088 709 1148 771 sed
1167 707 1285 769 nullus
1302 706 1397 771 locus
1415 712 1534 771 nostro
1547 705 1682 773 similis.

278 829 385 892 ‘luere
403 810 528 874 frustra
546 813 754 895 estCortius,
780 811 841 894 qui
858 811 982 877 alienis
1001 810 1191 877 laudandis.
1205 813 1298 874 hunc
1309 830 1408 875 usum
1420 811 1588 894 loquendi
1599 811 1696 900 illu·¹
1746 826 1754 838 ¹

154 952 158 960 ·
278 916 379 978 strari
399 935 498 1003 posse
513 925 620 1000 putat.
641 915 766 980 rectius
785 923 921 994 statuas,
940 916 1012 980 rim
1022 915 1134 981 Graeci
1153 916 1371 1001 pronominis
1390 913 1473 992 mili<
1493 936 1514 978 a
1530 915 1597 979 Sal.
1613 920 1685 980 esse

280 1035 489 1104 &Preme
529 1023 624 1102 ‘1¹¹0d
646 1026 680 1084 ⁰⁸
701 1019 812 1104 iPfflffl
831 1041 896 1110 pro
917 1020 1017 1096 iavttv
1036 1020 1191 1106 ponitur.
1218 1019 1279 1085 cfr.
1300 1021 1413 1106 Viger.
1432 1043 1467 1105 p.
1484 1022 1552 1084 16⁵.
1573 1021 1614 1084 in
1632 1015 1686 1084 vi·
1807 1021 1808 1024 ’

277 1119 389 1212 giliis.
399 1126 483 1190 Ven.
501 1148 526 1188 r.
539 1134 657 1188 contra
664 1146 795 1189 morem
804 1127 955 1192 Salustii.
966 1130 1104 1192 multus
1113 1126 1173 1194 ie.
1185 1125 1363 1211 frequens,
1379 1125 1534 1206 adjectis.
1548 1145 1612 1209 pro
1622 1126 1686 1189 ad·

279 1229 412 1292 verbio.
445 1230 572 1313 quihus
599 1231 707 1296 rebus
734 1239 770 1295 et
798 1231 950 1298 artibus.
977 1231 1208 1296 abundantius
1235 1231 1366 1298 dictum
1397 1239 1432 1296 et
1458 1231 1532 1317 ipse
1552 1227 1685 1309 judico.

281 1336 341 1399 sed
364 1343 399 1398 et
419 1333 563 1400 ortibus.
582 1337 711 1423 delere,
737 1337 817 1403 vide
838 1358 882 1402 ne
901 1337 1064 1402 audacius
1083 1336 1138 1401 sit.
1174 1334 1253 1400 talia
1273 1335 1368 1400 enim
1387 1337 1496 1400 multa
1513 1329 1606 1419 apud
1624 1334 1687 1400 Sa-

280 1438 441 1525 lustium,
460 1441 523 1504 ubi
543 1443 721 1524 sequentia
740 1431 978 1508 antecedentia
999 1439 1189 1508 accuratius
1210 1441 1392 1527 explicant.
1459 1451 1463 1460 “
1496 1451 1501 1458 ’

366 1547 445 1629 Gap.
466 1541 598 1614 xcv11.'
634 1547 729 1612 Finis
753 1550 932 1635 iugurthae
965 1549 1049 1615 inde
1074 1550 1118 1611 ab
1144 1549 1212 1612 hoc
1232 1547 1343 1633 capite
1363 1565 1435 1611 non
1454 1564 1526 1610 uno
1546 1543 1689 1609 nomine

282 1654 463 1716 notandus.
483 1651 635 1736 primum
662 1654 756 1718 enirn
775 1654 996 1730 manifestum
1017 1663 1082 1736 est,
1110 1653 1303 1732 orationem
1323 1653 1434 1715 multo
1455 1649 1565 1736 magis
1584 1667 1688 1732 quam

270 1765 382 1822 ¹{antea
405 1777 428 1821 a
452 1758 589 1844 vulgari
615 1779 772 1823 sermone
798 1761 999 1840 abhorrere,
1025 1757 1075 1820 ita
1103 1763 1143 1820 ut
1168 1776 1287 1819 omnes
1313 1759 1413 1819 flores
1434 1764 1468 1818 et
1488 1760 1691 1840 ornamenta

282 1862 457 1946 scripturae
488 1863 707 1946 Salustianae,
734 1882 809 1943 quar
835 1862 874 1924 in
898 1861 1050 1944 reliquo'
1065 1859 1162 1923 libro
1176 1859 1305 1944 passim
1332 1865 1534 1941 occurrunt,
1561 1856 1600 1920 in
1623 1841 1690 1920 hac

282 1976 380 2050 parte
404 1967 474 2031 sint
501 1967 787 2050 frequentissima.
828 1966 932 2047 Cujus
958 1965 1011 2031 rei
1040 1985 1140 2029 causa
1161 1973 1197 2031 et
1223 1966 1267 2028 ab
1295 1963 1403 2049 ipsius
1431 1960 1607 2046 scriptoris
1633 1961 1690 2023 iu-

284 2071 388 2158 genio
415 2082 450 2137 et
476 2091 495 2135 a
523 2073 747 2138 librariorum
765 2073 952 2158 prudentia
973 2071 1110 2136 videtur
1129 2091 1200 2136 esse
1226 2072 1421 2154 repetenda.
1463 2065 1578 2134 Facile
1596 2063 1691 2130 euim

283 2175 361 2240 fieri
379 2175 509 2262 potuit,
530 2177 771 2272 uthdalustius,
792 2176 1041 2263 cumprimum
1062 2180 1107 2241 ad
1115 2177 1343 2241 ‘scribendum
1363 2174 1518 2238 animum
1538 2171 1693 2260 appulis·

284 2291 352 2365 set,
372 2281 483 2345 rarius
503 2282 676 2346 inusitatis
693 2282 815 2348 formis
835 2293 869 2348 et
887 2285 1071 2348 verborum
1085 2281 1394 2368 compositionibus
1406 2288 1576 2360 uteretur3
1597 2277 1693 2344 duri—
1715 2271 1718 2278 ’

285 2387 350 2451 ties
370 2386 461 2452 enim
480 2396 583 2469 atque
601 2388 767 2472 asperitas
792 2387 943 2471 antiquae
964 2389 1144 2470 dictionis,
1165 2410 1270 2471 quam
1291 2388 1440 2452 manime
1451 2385 1626 2470 amplexus
1636 2381 1694 2447 iir-

286 2500 375 2576 erat,
395 2513 415 2555 a
434 2493 547 2557 nitore
565 2495 743 2579 Augusteae
763 2494 883 2588 aetatis
904 2493 1009 2559 nimis
1028 2494 1144 2559 aliena
1165 2501 1241 2560 esse'
1255 2494 1447 2558 videbatur.
1493 2494 1615 2555 Postea
1635 2505 1695 2554 ve·
1772 2535 1780 2546 .

286 2616 346 2680 ro,
373 2617 451 2660 cum
472 2599 581 2660 multa
600 2597 742 2681 antiqua
760 2602 866 2664 verba
887 2609 989 2682 atque
1010 2609 1195 2666 structuras
1215 2619 1286 2679 vusu
1305 2599 1440 2664 lecisset
1460 2597 1613 2684 tritiora,
1636 2612 1695 2659 ra·

286 2709 341 2765 tus
361 2703 506 2789 simplex
526 2702 617 2768 illud
638 2713 672 2768 et
691 2700 925 2770 inaffectatum
945 2707 1087 2771 dicendi
1105 2727 1230 2795 genus,
1251 2706 1443 2792 priscorum
1457 2704 1694 2765 Romanorum

285 2806 442 2869 moribus
473 2817 575 2889 atque
602 2808 753 2892 ingeniis
779 2830 851 2874 esse
878 2813 1260 2894 convenientissimum,
1293 2808 1484 2874 orationem
1512 2803 1621 2888 magis
1649 2805 1695 2870 ad

287 2909 508 2991 antiquorum
518 2918 695 2974 auctorum
706 2922 739 2976 et
747 2913 907 2995 inprimis
919 2914 1057 2977 Catonis
1068 2915 1187 2977 stilum
1198 2913 1437 2977 conformavit
1448 2911 1542 2992 quod
1553 2907 1695 2998 quidem

288 3014 455 3079 orationis
480 3016 693 3099 expoliendae
721 3018 874 3080 studium
903 3037 945 3080 ex
964 3020 1029 3080 hac
1049 3037 1087 3080 re
1105 3018 1324 3100 potissimum
1344 3015 1568 3100 perspicitur,
1600 3013 1696 3094 quod

194 3115 195 3120 ’
223 3183 227 3192 ,
288 3121 327 3184 in
347 3121 568 3186 historiarum
587 3121 689 3185 libris
709 3131 743 3186 et
761 3123 945 3186 verborum
963 3121 1100 3203 formae,
1129 3128 1163 3184 et
1182 3127 1358 3183 structurae
1371 3125 1539 3201 usurpatae
1551 3114 1695 3199 t'uerint,

289 3245 435 3308 quarum
455 3245 568 3308 neque
592 3225 629 3289 in
650 3225 817 3310 Catilina,
839 3246 951 3308 neque
971 3227 1011 3292 in
1029 3226 1201 3310 iugurtha
1219 3224 1404 3310 vestigium
1424 3243 1618 3314 expressum
1639 3220 1695 3285 in-

291 3329 437 3394 veneris.
478 3329 635 3414 Accessit,
655 3333 748 3412 quod
769 3331 923 3416 librarii,
951 3352 1029 3396 cum
1049 3331 1173 3415 saepius
1194 3332 1336 3396 eandem
1358 3328 1525 3394 orationis
1545 3327 1697 3392 insolem
1747 3363 1751 3372 ·

289 3435 375 3498 tiam
398 3434 623 3518 invenissent,
655 3455 727 3499 non
746 3437 895 3521 amplius
915 3437 1148 3523 corrigebant,
1178 3455 1254 3519 quae
1274 3435 1383 3501 serius
1396 3433 1546 3498 Salustio
1556 3433 1700 3518 propria

291 3558 363 3604 esse
383 3547 417 3603 et
437 3546 529 3603 recte
550 3539 621 3602 dici
641 3559 741 3624 posse
760 3541 1011 3608 intellexerant.
1054 3543 1140 3605 Inde
1154 3541 1284 3606 *factum
1300 3529 1376 3606 esse
1394 3547 1497 3626 puto,
1517 3540 1614 3604 utin
1634 3541 1698 3603 hac

290 3644 375 3708 libri
401 3651 498 3730 parte
523 3643 751 3708 Salustianam
778 3645 877 3708 illam
904 3645 1071 3710 orationis
1090 3647 1337 3731 proprietatem
1356 3647 1545 3740 accuratius
1564 3659 1700 3724 expres·

292 3767 365 3812 sam
383 3768 609 3813 inveniamus.

387 3855 440 3918 Et
459 3850 618 3917 dubium.
639 3860 681 3918 et·
695 3855 788 3919 delet
806 3858 898 3920 Med.
917 3879 942 3918 ι.
956 3873 984 3932 4.
999 3878 1028 3936 7.
1043 3876 1073 3935 9.
1093 3858 1178 3920 Ven.
1198 3861 1269 3918 rra.
1288 3856 1362 3918 Vat.
1376 3855 1404 3914 3.
1419 3867 1449 3927 4.
1464 3852 1492 3912 5.
1511 3848 1632 3933 probo.
1653 3843 1700 3914 1⁸1-

222 3982 228 3988 ·
297 3959 372 4020 lum
395 3954 553 4022 dubium.
572 3963 657 4038 Ven.
674 3975 703 4035 4.
726 3956 900 4023 otiante.
919 3960 1035 4024 Vati.
1050 3955 1246 4043 proximos
1267 3954 1354 4047 ejus.
1374 3974 1584 4038 pronomen,
1604 3956 1700 4034 quod

297 4061 431 4125 Cottius
452 4061 594 4146 delevit,
617 4061 731 4126 omitti
750 4082 821 4125 non
843 4071 964 4148 potest.
985 4059 1166 4126 exereitus
1187 4057 1417 4147 conjunctus.
1437 4059 1637 4123 Taurinens.
1665 4064 1701 4120 et

199 4189 205 4200 ¹
297 4161 420 4260 victis..
431 4174 467 4228 et
487 4169 565 4228 om.¹
580 4168 670 4230 Med.
683 4183 714 4243 4.
744 4167 841 4256 falso.
868 4187 938 4250 quo
971 4167 1097 4231 omisso
1124 4165 1352 4252 significatur,
1382 4165 1462 4244 illos
1490 4167 1533 4226 de
1557 4161 1716 4227 victoria.

282 4264 610 4362 desperasse-sore
634 4253 672 4334 in
680 4275 753 4339 Vat:
766 4277 802 4336 3.-
819 4294 865 4336 ru.
884 4291 949 4340 sec.
968 4271 1113 4342 addidit.
1142 4273 1243 4352 quod
1260 4275 1440 4337 locorum.
1461 4267 1555 4332 Eieb.
1582 4261 1719 4332 eciem·

1758 4237 1769 4268 Ρ
