4106 4974
1595 345 1672 432 ao5

140 535 148 550 ’
256 553 771 626 relerentesenatusconsultum
785 551 998 620 factumest:
1019 547 1242 635 „simercede
1255 544 1409 631 corrupti
1425 547 1665 619 obviamean-

254 662 381 730 didatis
401 661 522 748 issent,
542 662 572 725 si
593 659 757 724 conducti
783 666 1013 744 sectarentur,
1044 657 1075 724 si
1093 655 1343 744 gladiatoribus
1362 655 1468 739 vulgo
1488 655 1584 722 locus
1604 659 1666 722 tri·

252 767 383 852 butim,
412 768 550 832 etitem
570 766 701 851 praedia
725 764 757 829 si
775 765 881 848 vulgo
902 772 1014 828 essent
1034 766 1129 842 data,
1157 770 1276 829 contra
1302 761 1417 847 legem
1442 762 1666 846 Calpurniam

252 870 539 936 factumvideri.»
558 869 618 939 clr.
641 870 710 934 Ci'c.
725 888 790 953 pro
810 871 898 938 Mur.
913 887 986 952 cap.
1001 873 1052 932 32.
1093 869 1163 932 alia
1180 867 1306 932 Tulliae
1325 865 1414 952 legis
1433 866 1557 950 capita,
1586 867 1668 935 vide

253 977 313 1046 Or.
330 977 369 1040 in
387 977 612 1060 Vat.1b.pr0
631 973 747 1040 sextio
765 975 814 1050 64.
845 991 909 1057 pro
925 975 1013 1036 Mur.
1033 987 1084 1050 41.
1116 970 1185 1036 Dio
1205 974 1359 1052 Cassip.
1378 986 1427 1050 29.
1466 972 1543 1057 Qua
1563 976 1608 1038 de
1628 979 1680 1040 ω’
1753 1041 1757 1048 ,

252 1081 286 1146 si
304 1081 470 1144 Salustius
489 1079 703 1146 mentionem
722 1078 871 1156 lecisset,
903 1086 937 1144 et
956 1099 1061 1161 quam
1089 1096 1248 1162 perversa
1275 1075 1431 1140 Catilinae
1460 1077 1607 1142 consilia
1632 1087 1668 1146 et

253 1197 421 1270 quantum
436 1186 630 1271 periculum
643 1186 888 1272 reipublicaeet
902 1192 1031 1268 quanta
1052 1182 1203 1247 consulis
1221 1181 1394 1260 industria
1412 1173 1548 1268 luisset,
1569 1203 1667 1250 accu-

128 1277 144 1288 “
252 1293 361 1357 ratius
371 1292 584 1356 declarasset.
603 1292 671 1355 Sed
691 1292 756 1356 hoc
776 1290 904 1375 opinor
923 1288 1161 1376 praetermisit,
1183 1287 1267 1370 quia
1287 1307 1328 1352 eo
1350 1297 1503 1373 tempore
1516 1289 1668 1354 severio-

252 1417 308 1462 res
327 1398 422 1483 leges
440 1400 484 1462 de
504 1396 640 1460 ambitu
655 1396 779 1482 sepius
798 1397 1028 1483 rogabantur,
1059 1415 1172 1477 neque
1193 1415 1235 1460 eo
1256 1397 1394 1459 decreto
1415 1402 1546 1458 tantam
1565 1396 1665 1459 illam

252 1502 410 1568 Catilinae
429 1501 680 1568 immanitatem
700 1500 869 1567 illustrari
889 1521 990 1588 posse
1004 1500 1210 1586 judicabat,
1238 1503 1334 1584 quod
1354 1499 1433 1564 aliis
1453 1499 1666 1584 temporibus

253 1614 287 1672 et
303 1606 400 1670 nulla
420 1601 605 1672 domestici
621 1606 709 1671 belli
729 1606 925 1693 suspicione
946 1605 1075 1672 factum
1096 1605 1217 1672 fuerat.
1237 1608 1279 1670 Id
1299 1613 1390 1672 certe
1410 1602 1512 1669 tacite
1526 1624 1666 1673 conces·

252 1711 354 1790 seris,
374 1731 415 1778 ex
433 1715 501 1777 bac
519 1732 557 1778 re
576 1714 651 1776 sola
670 1732 744 1776 non
765 1733 865 1799 posse
885 1712 1218 1800 colligi,Salustium
1232 1710 1377 1774 consilio
1397 1709 1507 1773 multa
1526 1718 1667 1793 prater·¹

254 1816 355 1904 iisse,
375 1839 451 1900 quae
465 1817 624 1900 Ciceroni
636 1816 733 1881 laudi
754 1816 903 1882 fuerunt.
924 1820 1053 1882 Eodem
1072 1822 1217 1901 spectat,
1237 1818 1331 1898 quod
1352 1817 1396 1880 de
1416 1813 1566 1879 comitiis
1584 1833 1668 1900 pro-

253 1922 382 2008 rogatis
402 1921 492 1986 nihil
512 1920 732 1998 memoravit,
752 1923 847 2006 qnod
867 1939 888 1985 a
908 1920 1074 1986 Cicerone
1092 1921 1258 2006 prudenti
1277 1919 1425 1986 consilio
1446 1919 1598 2002 lactum,
1616 1939 1663 1984 ne

253 2025 404 2092 Catilina
423 2027 646 2092 Sullanorum
666 2026 871 2091 colonorum
891 2021 1064 2110 suffragiis
1084 2034 1144 2088 aut
1168 2025 1205 2089 vi
1232 2025 1449 2116 consulatum
1474 2039 1664 2103 conseque·
1708 2051 1709 2056 ¹

251 2138 356 2197 retur.
377 2131 438 2200 cfr.
463 2131 536 2196 Cic.
553 2151 619 2214 pro
641 2133 731 2197 Mur.
750 2151 825 2215 cap.
838 2145 892 2208 aa.
902 2134 954 2199 25.
971 2133 1020 2192 26.
1051 2131 1164 2214 Quam
1184 2138 1275 2194 certa
1295 2146 1371 2213 spes
1388 2126 1516 2190 summi
1536 2127 1664 2212 magis·
1760 2183 1768 2200 ,

126 2259 128 2264 ·
251 2241 360 2298 tratus
379 2235 413 2300 ei
433 2233 551 2319 luerit,
567 2243 602 2299 et
622 2243 750 2318 quanta
769 2234 930 2320 praesidia
951 2232 1142 2321 paraverit,
1170 2253 1213 2298 ex
1232 2235 1297 2298 hac
1317 2251 1355 2298 re
1369 2231 1589 2318 potissimum
1608 2231 1664 2296 in-

252 2338 431 2424 telligitur.
473 2340 550 2422 Quo
578 2339 689 2420 major
710 2339 816 2404 etiam
845 2347 981 2406 senatus
1000 2347 1117 2422 metus
1131 2345 1237 2422 esset,
1265 2338 1532 2422 percrebuerunt
1561 2354 1664 2404 roces
1752 2349 1754 2358 ·

252 2444 431 2528 Catilina,
458 2465 543 2527 quas
572 2445 611 2510 in
640 2445 828 2510 domestica
856 2444 1022 2509 concione
1041 2443 1204 2508 habuisse
1225 2437 1413 2507 dicebatur2
1454 2443 1662 2508 Miserorum

251 2547 346 2614 enirn
367 2549 506 2615 fidelem
527 2551 743 2618 defensorem
763 2549 917 2615 inveniri
942 2569 1042 2635 posse
1061 2557 1262 2636 negaverat,
1285 2548 1356 2612 nisi
1376 2568 1477 2633 eum,
1503 2547 1567 2630 qui
1586 2547 1662 2632 ipse

250 2653 357 2720 miser
375 2665 477 2736 esset;
499 2655 714 2743 integrorum
735 2665 769 2722 et
801 2655 1055 2720 fortunatorum
1074 2656 1253 2739 promissis
1285 2653 1420 2719 saucios
1452 2661 1486 2720 et
1519 2652 1664 2720 miseros

251 2763 391 2826 credere
420 2783 493 2828 non
527 2770 705 2846 oportere3
735 2781 842 2846 quare
862 2760 924 2844 qui
946 2770 1124 2827 consumta
1143 2760 1293 2844 replere,
1325 2766 1441 2843 erepta
1460 2777 1663 2842 recuperare

249 2863 395 2949 uellent,
414 2875 626 2950 spectarent,
643 2867 731 2948 quid
751 2867 826 2950 ipse
846 2867 1006 2948 deberet,
1025 2865 1112 2947 quid
1133 2867 1294 2942 auderet3
1320 2862 1467 2926 minime
1496 2861 1660 2925 timidum

251 2968 392 3036 etvalde
413 2969 651 3034 calamitosum
671 2989 743 3034 esse
764 2976 924 3054 oportere
944 2987 1037 3045 eum,
1060 2968 1123 3050 qui
1142 2976 1235 3032 esset·
1247 2965 1383 3030 iuturus
1405 2967 1474 3028 dux
1494 2973 1528 3028 et
1547 2963 1661 3050 signi-

250 3072 305 3137 fer
319 3073 607 3138 calamitosorum.
629 3074 695 3138 llis
714 3075 816 3138 rebus
836 3073 980 3156 auditis,
1003 3073 1171 3136 Cicerone
1182 3071 1373 3154 referente,
1389 3069 1518 3133 factum
1534 3077 1588 3134 est
1606 3087 1660 3134 se-

249 3179 569 3262 natusconsultum,
587 3197 633 3244 ne
653 3186 792 3263 postero
811 3177 870 3240 die
889 3175 1031 3240 comitia
1049 3176 1279 3259 haberentur,
1299 3183 1338 3240 ut
1358 3177 1401 3240 de
1420 3175 1475 3238 his
1495 3175 1598 3242 rebus
1617 3174 1658 3238 in

249 3291 370 3348 senatu
389 3283 447 3369 agi
465 3293 590 3368 posset.
628 3283 779 3348 Catilina
798 3283 970 3368 igitur'de
992 3281 1048 3344 his
1068 3279 1208 3345 indiciis
1228 3280 1343 3344 dicere
1358 3278 1501 3364 jussus,
1526 3300 1598 3344 non
1617 3297 1657 3344 se
1729 3265 1730 3268 ¹

251 3388 431 3474 purgavit,
450 3392 510 3454 sed
529 3387 705 3453 indicarit.
725 3390 805 3451 Duo
824 3387 919 3451 enim
940 3406 1084 3470 corpora
1109 3405 1181 3451 esse
1201 3384 1402 3470 reipublicae
1423 3384 1527 3470 dixit,
1547 3405 1660 3450 unum

252 3494 387 3580 debile,
406 3493 547 3559 infirmo
569 3493 699 3578 capite,
720 3493 866 3557 alterum
886 3492 1025 3556 firmum
1045 3491 1121 3557 sine
1129 3491 1252 3577 capite.
1274 3493 1383 3570 Huic,
1403 3511 1482 3554 cum
1498 3491 1547 3555 ita
1561 3479 1604 3556 de
1618 3511 1658 3558 se

251 3601 412 3666 meritum
433 3608 539 3680 esset,
557 3607 680 3686 caput,
701 3618 736 3663 se
756 3598 856 3682 viro,
874 3617 948 3660 non
968 3596 1176 3662 defuturum.
1199 3596 1259 3662 clr.
1279 3597 1657 3674 Plut.Cic.c.14.-Haec

252 3705 370 3768 omnia
390 3727 433 3770 nc
451 3707 560 3770 verbo
575 3705 717 3786 quidem
739 3703 853 3788 attigit
871 3703 1062 3782 Salustius,
1091 3712 1210 3766 contra
1239 3703 1425 3766 Catilinam
1444 3702 1550 3765 verba
1567 3700 1658 3764 laci-

251 3819 366 3876 eutem
385 3809 548 3896 inducit,
566 3830 637 3892 quo
660 3828 752 3874 anno
774 3809 878 3871 simul
898 3828 976 3871 cum
997 3806 1162 3871 Cicerone
1183 3807 1398 3870 consulatum
1416 3805 1599 3889 petiverat3
1620 3811 1659 3870 et

250 3934 371 3980 eorum
390 3915 485 4000 loco,
505 3935 583 3998 quae
603 3914 724 3978 Cicero
744 3912 904 3977 illumin
924 3920 1045 3976 senatu
1064 3911 1189 3977 dixisse
1211 3920 1380 3996 testatur,
1403 3911 1509 3995 plane
1537 3911 1656 3976 aliena

251 4019 414 4103 laudarit,
434 4041 511 4101 quar
531 4024 576 4084 ad
597 4021 732 4086 Catonis
752 4018 1059 4104 interrogationem
1067 4006 1132 4082 ille
1153 4021 1384 4103 responderat.
1405 4018 1488 4103 Quae
1509 4017 1654 4100 quidem

250 4124 282 4194 si
298 4124 489 4189 accuratius
508 4134 722 4210 reputamus,
743 4145 814 4188 non
832 4121 946 4189 solum
966 4123 1225 4209 malivolentia,
1240 4123 1415 4188 sedetiam
1432 4121 1656 4207 negligentiae

196 4227 201 4238 ’
251 4228 417 4298 Salustius
437 4227 690 4298 insimulandus
709 4249 782 4300 esse
801 4230 956 4315 uidetur,
976 4229 1106 4317 quippe
1126 4229 1188 4313 qui
1209 4238 1242 4296 et
1262 4249 1379 4296 rerum
1400 4219 1557 4294 ordinem
1575 4242 1658 4310 per-
