4108 4976
396 395 469 468 280

400 589 455 652 nis
473 585 672 672 vestigium
700 585 846 648 alterum
864 586 980 646 autem
1003 578 1070 666 ipsi
1093 579 1316 646 Grammatici
1336 580 1471 663 antiqui
1495 581 1709 647 confirmant.
1730 603 1806 650 eve-

401 690 482 758 nire
500 701 533 756 et
551 693 595 756 de
615 699 706 754 sorte
722 697 756 752 et
777 689 822 752 de
844 686 1031 773 partitione
1051 687 1187 750 dicitur.
1208 685 1315 748 altera
1337 685 1544 771 significatio
1567 685 1805 773 usitatissima,

402 797 543 862 alteram
565 795 667 879 plura
691 793 784 857 Livii
807 794 885 856 loca
904 791 1116 854 confirmant.
1138 789 1198 858 cfr.
1217 790 1290 856 Liv.
1303 795 1353 854 32.
1376 794 1405 855 8.
1424 792 1489 855 ubi
1508 791 1602 856 idem
1624 801 1689 876 est,
1709 796 1805 875 quod

402 900 583 982 obvenire,
605 899 801 984 obtingere,
821 896 986 981 accipere.
1008 895 1290 980 adversopopuli
1306 891 1483 978 partium.
1505 898 1598 959 haud
1610 897 1716 960 dubie
1724 915 1804 962 vera

403 1005 516 1071 lectio.
536 999 704 1068 secundus
725 1020 820 1064 casus
839 1001 1032 1092 proltertio
1045 999 1191 1084 positus3
1219 1003 1410 1082 quodcum
1430 1002 1469 1065 in
1490 1001 1609 1065 multis
1628 1003 1804 1081 adjectivis

404 1109 477 1193 fiat,
498 1108 559 1189 qui
579 1107 733 1171 dativum
747 1114 886 1191 regunt,
905 1106 979 1171 veri
999 1127 1070 1170 uon
1092 1105 1249 1169 absimile
1264 1112 1329 1190 est,
1349 1109 1494 1172 eandem
1511 1107 1614 1185 hujus
1625 1107 1720 1171 vocis
1733 1127 1802 1173 esse

402 1214 581 1278 rationem.
589 1231 691 1293 quem
703 1211 871 1293 loquendi
880 1231 991 1283 usum,
1006 1231 1083 1274 eum
1095 1209 1259 1294 exemplis
1269 1209 1472 1275 confirmare
1484 1231 1553 1274 non
1562 1213 1682 1296 possis,
1692 1222 1805 1278 tamen

401 1319 567 1398 adjectiva
588 1317 713 1382 similis
731 1316 993 1404 significationis
1014 1315 1207 1380 enumerari
1221 1315 1373 1398 possunt.
1393 1317 1561 1381 adversas
1582 1313 1700 1381 animi
1712 1321 1803 1402 apud

403 1427 481 1491 Tac.
498 1427 585 1486 Ann.
605 1439 652 1499 14.
670 1425 720 1490 ati.
744 1420 902 1486 diversus
922 1441 1075 1485 morum.
1096 1419 1144 1482 id.
1162 1435 1207 1495 14.
1224 1440 1270 1500 19.
1293 1427 1327 1486 et
1348 1418 1562 1485 contrarias
1580 1426 1671 1506 apud
1691 1423 1803 1508 ipsum

403 1530 603 1592 Ciceronem
623 1549 701 1592 cum
718 1526 872 1613 genitivo
892 1525 1124 1610 conjungitur,
1139 1528 1182 1588 de
1198 1527 1270 1588 Iuv.
1285 1545 1314 1590 a.
1328 1529 1376 1604 54.
1399 1535 1432 1590 et
1453 1529 1496 1592 de
1508 1525 1580 1590 Fin.
1595 1543 1624 1604 4.
1641 1544 1689 1604 24.
1711 1550 1805 1612 quae
1925 1587 1927 1590 ,

402 1631 674 1698 suntvirtutam
687 1629 891 1697 contraria.
911 1631 1079 1695 adversas
1099 1631 1207 1716 igitur
1225 1651 1288 1714 pro
1311 1629 1542 1696 aduersarius
1560 1633 1721 1717 positum.
1737 1653 1805 1698 ‘ae-

404 1734 553 1822 quabili
574 1737 660 1804 falso
683 1739 834 1803 Cottius:
845 1732 1032 1820 ,aequali
1044 1736 1145 1820 apud
1160 1730 1389 1802 nobilitatem
1409 1746 1445 1801 et
1458 1737 1630 1820 plebem.»
1649 1739 1708 1802 cir.
1722 1741 1802 1802 Tac.

281 1833 286 1842 ’
402 1845 525 1907 Annal.
541 1861 571 1921 a.
588 1865 636 1908 ao.
656 1844 852 1926 ,aequabili
872 1841 1074 1908 auctoritate
1093 1847 1185 1927 apud
1205 1841 1362 1926 aliquem
1383 1843 1530 1928 vigere.>t
1559 1844 1596 1906 id
1615 1843 1696 1907 lun.
1710 1845 1802 1910 aar.

390 1933 497 2036 fidas
514 1947 703 2034 Romanu,
723 1947 926 2034 aequabilis
947 1947 1090 2014 insuar
1110 1949 1198 2012 Hist.
1214 1965 1243 2025 4.
1263 1951 1291 2012 5.
1321 1953 1464 2013 cunetis
1485 1945 1579 2013 sitae
1599 1945 1728 2032 officiis
1747 1967 1806 2012 ae·

404 2051 571 2135 quabilis.
610 2055 748 2120 Scilicet
774 2055 867 2119 idem
885 2051 984 2118 samae
1005 2062 1104 2118 tenor
1119 2053 1191 2132 jam
1213 2074 1275 2138 per
1293 2072 1329 2116 se
1350 2071 1509 2138 maguam
1528 2053 1632 2116 babet
1649 2054 1802 2132 laudem3

406 2179 483 2223 cum
492 2160 637 2227 leviores
647 2162 807 2225 homiues
815 2158 919 2224 variis
929 2158 1124 2222 rumoribus
1135 2162 1288 2244 flagrent:
1296 2160 1407 2222 sedde
1415 2157 1805 2241 gravissimisviriscou·

407 2268 627 2351 stanspopuli
639 2268 821 2346 judicium.
844 2262 1022 2331 inviolata
1033 2261 1806 2350 bancsignificationem'aonfirmat.aequabilis

407 2371 501 2436 enim
522 2372 621 2438 lamae
638 2394 678 2440 ea
696 2382 745 2439 est
762 2374 867 2458 ratio,
897 2381 934 2436 ut
951 2373 1083 2436 sincera
1101 2379 1135 2436 'et
1153 2372 1288 2456 integra
1305 2369 1361 2438 sit.
1389 2367 1469 2434 ¹alia
1489 2365 1615 2434 amnia
1633 2366 1706 2432 sili
1723 2384 1804 2432 aum

408 2480 550 2566 collega
570 2488 687 2543 ratae.
715 2479 900 2565 singularis
919 2479 1027 2544 dictio
1045 2475 1157 2560 neque
1177 2477 1258 2542 satis
1274 2484 1446 2554 accuratu
1477 2475 1551 2538 sola
1568 2475 1689 2558 verba,
1717 2492 1805 2554 quae

407 2583 566 2665 opposita
589 2593 681 2670 sunt,
707 2585 849 2650 illorum
867 2588 1052 2650 verborum
1071 2605 1207 2650 sensum
1228 2583 1409 2668 explicant.
1429 2582 1474 2641 ad
1495 2599 1572 2661 quae
1600 2579 1805 2642 illustranda

404 2687 484 2752 loca
505 2689 654 2751 aCortio
672 2688 809 2753 laudata
829 2691 919 2755 nihil
933 2692 1073 2756 faciunt.
1091 2711 1209 2757 sensus
1229 2689 1336 2775 igitur
1352 2687 1383 2750 is
1397 2692 1460 2750 est:
1483 2684 1552 2748 alia
1570 2684 1685 2748 omnia
1699 2682 1803 2748 etiam

403 2794 543 2880 collega
558 2815 646 2858 curre
665 2794 739 2860 fore
756 2795 873 2882 ratus,
884 2799 1100 2885 negligenter
1114 2795 1281 2877 tractavit,
1300 2793 1359 2856 sed
1377 2791 1416 2854 in
1435 2789 1530 2854 bello
1548 2794 1702 2874 parando
1713 2809 1805 2853 sum-

404 2920 495 2962 mam
522 2900 631 2964 animi
659 2923 774 2965 curam
793 2903 963 2970 adhibuit.
983 2899 1151 2986 seribere,
1178 2899 1318 2988 eligere.
1338 2897 1433 2960 solus
1447 2896 1565 2973 Vatia.
1585 2893 1718 2985 eligere
1737 2915 1804 2960 om.

395 3009 497 3090 ¹<ruod
514 3029 579 3093 pro
597 3007 707 3094 glossa
725 3009 941 3090 habendum,
962 3007 1065 3074 ceteri
1076 3007 1168 3070 nihil
1186 3005 1293 3085 aliud,
1314 3020 1418 3084 quam
1433 3001 1470 3064 in
1483 3002 1606 3066 ordine
1619 3003 1804 3066 verborum

402 3113 546 3176 variant.
563 3111 761 3199 praesidia,
781 3125 818 3177 ut
835 3114 963 3179 auxilia
980 3123 1013 3178 et
1028 3113 1303 3198 supplementum
1323 3130 1387 3195 pro
1402 3107 1585 3193 militibus,
1607 3109 1669 3190 qui
1687 3106 1806 3192 prasi·

401 3215 465 3279 dio
485 3226 574 3279 sunt.
599 3223 658 3282 sed
682 3221 749 3282 boc
773 3223 851 3284 loco
867 3241 968 3284 sensu
989 3219 1153 3304 generali,
1176 3227 1215 3280 ut
1238 3236 1291 3300 ap.
1314 3214 1591 3298 cia.Epp.a.17.
1608 3207 1805 3297 praesidia,

403 3343 498 3404 quae
517 3345 653 3412 magna
674 3323 834 3409 etfirma
848 3345 1084 3408 paraveram,
1104 3319 1234 3387 dimisi.
1247 3357 1290 3372 -
1306 3327 1546 3385 commeatum
1562 3315 1716 3398 affatim.
1736 3317 1806 3381 usi·

399 3427 505 3488 tatius
522 3439 593 3490 erat
605 3429 795 3512 genitivum
807 3449 947 3512 ponere.
964 3425 1076 3493 varia.
1094 3427 1248 3503 ,varium
1267 3427 1394 3490 dicitur
1410 3425 1553 3500 bellum,
1572 3423 1631 3486 ubi
1650 3445 1721 3487 non
1734 3441 1804 3486 uuo

348 3527 351 3534 ’
400 3529 529 3620 pralio
545 3531 754 3615 debellatur,
774 3535 833 3594 sed
845 3535 946 3609 ,cujus
965 3533 1093 3595 multae
1108 3543 1186 3593 sunt
1202 3529 1364 3614 farma-²>-
1378 3533 1428 3594 ita
1447 3540 1537 3596 recte
1552 3533 1644 3593 Cort.
1657 3529 1806 3592 videia-

402 3633 456 3698 fra
472 3653 541 3718 cap.
555 3634 602 3697 51.
613 3629 740 3724 facies
759 3630 876 3696 totius
896 3630 1038 3720 negotii
1057 3630 1169 3694 varia.
1190 3634 1281 3696 Flor.
1294 3651 1323 3710 4.
1338 3651 1366 3696 a.
1395 3655 1527 3720 anceps
1547 3631 1757 3716 variumque
1770 3641 1807 3699 et

403 3749 593 3805 cruentam
616 3735 655 3803 in
671 3733 859 3822 Hispania
877 3737 1017 3802 bellum.
1042 3738 1322 3822 praepositionem
1347 3742 1455 3805 uostri
1493 3759 1612 3805 omnes
1638 3739 1805 3822 retinent,

402 3853 438 3907 et
455 3847 609 3924 quamvis
619 3844 698 3909 aliis
717 3843 805 3910 locis
821 3845 888 3908 Sal.
911 3845 1049 3910 tertium
1076 3866 1189 3910 casum
1212 3846 1339 3931 posuit,
1353 3846 1430 3930 (cfr.
1449 3847 1521 3908 Cat.
1539 3865 1611 3929 cap.
1627 3849 1666 3908 32
1687 3852 1720 3908 et
1737 3842 1804 3926 39)

400 3957 518 4014 tamen
538 3941 609 4030 hac¹
624 3953 714 4036 loco,
732 3951 801 4030 ubi,
812 3951 904 4026 bella
924 3952 1032 4035 plura*
1041 3952 1159 4016 addita
1176 3960 1270 4036 sunt,
1289 3951 1487 4036 praepositio
1509 3950 1655 4014 consilio
1667 3951 1711 4012 ab
1725 3967 1806 4011 aaa·

404 4065 479 4122 tore
503 4055 616 4141 posita
641 4075 713 4120 esse
733 4056 880 4120 videtur.
901 4053 1089 4143 mittendo,
1117 4061 1167 4120 ita
1191 4058 1295 4142 longe
1316 4055 1460 4139 plurimi
1485 4075 1527 4120 ex
1545 4055 1676 4119 Italicis
1694 4053 1805 4118 libris.

405 4160 582 4227 mittendo
601 4163 693 4227 Med.
711 4181 757 4225 ιο.
778 4157 973 4226 mittebant
988 4164 1079 4226 Med.
1092 4179 1122 4239 4.
1142 4157 1288 4224 mittere
1304 4161 1389 4247 bled.
1405 4183 1418 4222 ι
1440 4185 1468 4229 a.
1490 4160 1577 4224 Min.
1594 4184 1620 4222 r.
1642 4163 1713 4224 Vat.
1731 4181 1759 4221 ι.
1775 4163 1805 4222 3.

405 4271 435 4346 ,⁶-
454 4271 553 4338 Barb·
566 4288 597 4350 t·
616 4273 644 4337 5·
665 4273 750 4346 Ven.
761 4271 837 4352 bt(
851 4289 955 4355 quam
967 4269 1117 4356 'quidem
1132 4265 1335 4350 lectionem,
1358 4266 1502 4336 Salustii
1519 4263 1673 4332 orationi
1693 4262 1806 4350 magis
