4106 4974
369 407 443 480 ute

370 600 465 666 Eion.
485 603 523 663 et
542 590 582 662 in
595 591 693 660 dom.
715 611 763 663 m.
784 589 946 678 oopulsm
965 607 1035 666 om.
1056 587 1169 656 Berol.
1193 605 1224 655 a.
1243 607 1433 678 perperam.
1451 585 1605 668 comior.
1626 591 1775 678 plurimi

370 705 461 770 nul.
478 703 585 768 core
605 706 639 766 et
657 681 810 764 nerotss.
822 703 855 764 s,
872 694 1193 782 sedreoepuleetio
1204 695 1405 782 eunoun,
1425 715 1507 760 nam
1520 693 1664 764 saevior
1676 699 1706 764 u
1719 700 1776 764 ‹u-

370 811 474 876 xisset
492 813 627 887 auctor,
645 801 719 869 siin
736 802 913 870 sententie
933 801 1122 867 minuisset.
1142 797 1263 865 uirum
1272 795 1419 894 sortem
1439 809 1477 864 et
1488 809 1701 889 strenuum,
1721 803 1776 868 in·

372 913 509 1000 trepido
528 909 646 974 animo
665 916 701 974 et
714 915 930 991 constanter,
948 927 1025 989 qua
1046 905 1259 991 erepublica
1275 913 1375 991 sunt,
1393 915 1630 993 pessgentem3
1650 905 1775 984 fortem
1796 951 1798 957 ·

373 1019 468 1086 enim
487 1037 560 1081 non
576 1015 691 1080 solum
709 1015 755 1077 ad
774 1011 914 1078 laudem
933 1011 1095 1077 bellicam
1114 1011 1290 1098 pertinere
1309 1011 1349 1076 in
1369 1011 1523 1078 ooniesso
1542 1020 1601 1078 est.
1622 1011 1683 1078 etr.
1701 1013 1775 1080 Lis.

375 1127 425 1188 sd.
446 1138 497 1200 4ο.
518 1126 604 1206 Nep.
622 1122 756 1184 Datum.
774 1139 805 1202 7.
824 1120 945 1204 Epam.
971 1138 1004 1202 7.
1038 1137 1188 1200 eamque
1206 1117 1302 1186 mod.
1327 1137 1396 1200 qus
1414 1137 1482 1182 om.
1502 1118 1655 1184 Betui-³.
1685 1121 1777 1185 Med·

374 1231 405 1294 6.
425 1245 576 1309 eamque
594 1244 664 1294 om.
686 1225 778 1288 Med.
795 1225 826 1292 8.
848 1232 960 1306 atque
980 1223 1076 1288 mod.
1096 1223 1189 1290 Med.
1208 1243 1257 1286 ss.
1276 1221 1612 1310 quaerarietasiacit,
1635 1231 1675 1288 ut
1694 1225 1778 1288 Gor.

372 1332 424 1397 tio
443 1330 629 1416 assentior,
648 1329 712 1414 qui
735 1329 896 1414 copulam
916 1327 1121 1407 ejiciendam
1143 1345 1217 1392 esse
1236 1326 1378 1393 eemuit.
1398 1327 1458 1393 cir.
1476 1349 1579 1415 supra
1598 1353 1628 1396 o.
1642 1351 1673 1415 7.
1698 1331 1780 1417 sug.

375 1439 426 1500 66.
434 1435 543 1501 Tsoit.
556 1435 644 1500 Hist.
657 1449 748 1514 446.
766 1428 949 1498 sententio
960 1429 1047 1522 ejus.
1068 1449 1264 1516 pronomen
1276 1434 1390 1498 ethos
1402 1432 1481 1499 looo
1496 1434 1604 1506 Berol.
1619 1435 1780 1503 1.etVen.

375 1555 407 1616 4.
428 1539 560 1624 omisit,
580 1559 650 1622 quo
677 1537 805 1606 omisso
826 1536 939 1601 orstio
960 1536 1141 1601 obscurior
1168 1535 1246 1602 fieri
1264 1527 1781 1623 videtur.superv·aeuuri1.1te-

376 1644 443 1709 rol.
456 1666 485 1707 1.
525 1647 619 1728 quod
639 1642 789 1710 Varroni
808 1641 1075 1726 improbandum
1094 1642 1285 1708 ridebatur.
1313 1640 1375 1706 eir.
1395 1646 1483 1707 Non.
1504 1645 1643 1710 Marcei.
1666 1661 1713 1706 rs.
1729 1643 1780 1706 28.
1902 1647 1910 1664 ⁹

342 1739 346 1752 ⁴
373 1745 593 1832 praesertim
615 1746 677 1814 dil.
698 1750 774 1816 Vat.
793 1765 825 1812 a.
844 1747 940 1812 Eieh.
960 1747 1070 1811 Berol.
1087 1751 1156 1812 nd.
1168 1762 1199 1824 4.
1218 1755 1253 1814 et
1272 1747 1378 1813 reteri
1397 1747 1519 1814 Italici.
1537 1750 1596 1812 sed
1609 1767 1783 1831 praesess-

380 1851 414 1915 ti
428 1854 660 1920 retinendum.
677 1870 799 1934 praes.
819 1847 920 1938 dilig.
941 1850 990 1915 ita
1008 1851 1140 1916 dictum
1160 1860 1226 1934 est,
1247 1858 1286 1917 ut
1300 1873 1480 1936 praesens
1495 1847 1686 1917 auxilium.
1704 1850 1779 1919 Cio.

379 1958 476 2023 Verr.
497 1959 527 2019 6.
542 1971 594 2036 49.
613 1955 709 2039 Virg.
730 1953 847 2040 Eolog.
866 1975 894 2016 ι.
910 1970 960 2032 46.
973 1963 1187 2038 praesentes
1204 1952 1313 2024 divos.
1335 1955 1503 2042 Quinctil.
1519 1959 1550 2022 6.
1566 1972 1597 2034 4.
1618 1976 1709 2040 opus
1730 1963 1800 2020 est·

382 2057 530 2149 ingenio
552 2055 664 2125 celeri
681 2080 729 2123 ar
748 2053 896 2141 mobili,
924 2056 1049 2125 anemo
1065 2059 1257 2145 praesenti
1274 2049 1319 2126 et'
1330 2057 1420 2126 aori
1438 2061 1533 2148 Virg.
1552 2063 1638 2128 Aen.
1663 2062 1692 2124 6.
1711 2061 1783 2123 666.

381 2167 492 2233 Nunc
503 2161 540 2230 si
557 2160 622 2230 eui
639 2159 754 2234 virtus
766 2160 983 2244 animusque
1001 2159 1043 2226 in
1057 2170 1211 2246 pertore
1222 2185 1409 2248 praesens.
1427 2185 1535 2248 quare
1544 2163 1698 2232 dubitari
1712 2183 1785 2228 non

381 2277 514 2354 potest,
528 2289 702 2352 praesens
723 2264 786 2336 dit.
807 2274 898 2332 recte
912 2265 999 2347 dioi3
1012 2265 1235 2351 praesertim
1254 2277 1374 2335 contra
1392 2271 1485 2334 nihil
1504 2271 1629 2355 habet,
1649 2289 1721 2354 quo
1732 2287 1785 2336 re-

382 2371 732 2458 feretursr'ntpraes.
752 2371 902 2436 Beroia
918 2391 1039 2455 praes.
1061 2369 1099 2436 isa
1111 2394 1202 2438 arm.
1214 2369 1301 2438 ss'srt.
1320 2377 1439 2445 Vata.
1462 2375 1693 2462 undesliqnis
1704 2395 1789 2442 eon-

379 2477 496 2565 jioiat,
517 2479 621 2546 etism
639 2482 707 2544 hoo
727 2478 806 2544 loco
824 2478 968 2543 verbum
999 2476 1044 2540 ab
1063 2477 1178 2543 aliena
1205 2498 1311 2544 manu
1331 2498 1403 2546 esse
1422 2481 1606 2566 adpictum.
1636 2499 1787 2565 possum

386 2578 504 2664 equid.
514 2585 631 2647 Vst.s.
643 2582 755 2646 Berol.
773 2600 854 2644 um.
867 2597 935 2647 aee.
948 2580 1047 2644 falso.
1067 2589 1148 2646 nam
1160 2603 1262 2648 nona
1273 2603 1310 2649 se
1320 2584 1788 2672 solonocdicicesmtgni-

388 2685 482 2772 fleat,
501 2688 563 2752 sed
581 2689 625 2790 ui>¹
645 2685 807 2751 omnihus
827 2685 899 2752 diei
916 2703 1033 2770 posse,
1059 2686 1143 2767 quia
1162 2695 1293 2752 natura
1312 2708 1428 2753 rerum
1447 2699 1712 2756 consentaneum
1730 2688 1787 2754 sit.

388 2792 588 2860 desolvere.
608 2793 647 2858 in
666 2797 811 2862 eandem
829 2791 1035 2858 sententiam
1053 2792 1171 2860 Senes.
1186 2793 1232 2858 ad
1247 2793 1352 2858 Marc.
1364 2812 1414 2875 ¹9·
1435 2814 1536 2861 mors
1548 2790 1710 2862 omnium
1725 2791 1788 2860 do·

391 2899 511 2966 lorum
533 2907 587 2964 est
613 2897 751 2967 solutio
779 2907 816 2966 et
832 2892 947 2986 finis,
964 2899 1079 2962 nitra
1106 2919 1216 2982 quom
1237 2899 1337 2964 mala
1356 2907 1488 2966 nostru
1507 2920 1583 2966 non
1604 2907 1789 2970 exeunt.-

390 3006 461 3070 Cio.
481 3027 546 3092 pro
566 3007 699 3075 Milone
712 3013 764 3090 ³7·
784 3010 939 3070 mortem
960 3002 1242 3089 noturoefinem
1257 3021 1348 3088 esse,
1365 3023 1618 3088 uonpnenam.
1638 3003 1699 3069 eir.
1711 3001 1790 3068 tsi·

390 3113 590 3184 stot.Ethio.
620 3117 650 3177 6.
678 3114 709 3175 6.
749 3109 819 3188 Cic,
851 3129 916 3194 pro
944 3106 1090 3194 Quintio
1118 3107 1169 3170 6ι.
1194 3107 1342 3174 eundem
1361 3107 1443 3174 vide
1462 3107 1564 3174 aliter
1585 3116 1789 3174 statuentem

392 3219 487 3280 Cato.
508 3216 587 3294 Msj.
601 3219 732 3296 1942.
752 3214 833 3278 nel.
849 3227 880 3288 4.
901 3230 966 3296 pro
985 3211 1113 3275 Auchis
1129 3233 1176 3276 ιι.
1200 3230 1247 3276 un.
1268 3208 1309 3276 ise
1327 3207 1521 3278 sententia.
1541 3211 1590 3277 ita
1604 3217 1719 3280 vste.
1738 3211 1793 3276 oft

394 3323 527 3386 Lucret.
542 3327 571 3386 6.
583 3335 655 3402 9ι4.
665 3315 804 3382 illudio
811 3313 919 3379 rebus
928 3331 1003 3376 ron
1012 3313 1164 3376 addunt.
1182 3315 1249 3380 Sed
1261 3313 1430 3380 ablativus
1449 3317 1518 3382 hoo
1529 3317 1660 3382 loooeo
1676 3315 1792 3402 aptior

393 3432 462 3506 est,
482 3428 577 3506 quod
597 3443 669 3488 non
687 3421 838 3486 alienam
857 3415 1062 3484 sententiam
1080 3415 1219 3483 Silanus
1238 3415 1394 3484 defendit
1405 3461 1417 3504 ,
1430 3423 1490 3486 sed
1509 3421 1583 3506 ipse
1594 3421 1728 3506 primus
1741 3420 1792 3485 ita

395 3533 580 3590 censuerat.
589 3527 650 3587 ter
661 3520 801 3588 Porcia
815 3524 879 3585 aP.
890 3521 1014 3586 Poroio
1023 3525 1120 3586 Leoa
1127 3521 1161 3582 t.
1171 3525 1212 3588 U.
1224 3524 1293 3586 666.
1313 3522 1385 3586 lsta
1399 3526 1552 3608 ‘nequis
1562 3525 1793 3613 magistratius

396 3631 506 3696 nivem
513 3631 713 3692 Romanum
731 3623 839 3711 virgis
858 3626 1003 3690 cederet
1022 3623 1229 3691 necaretvet’
1250 3625 1322 3692 Liv.
1337 3648 1386 3694 ao.
1399 3649 1430 3711 9.
1448 3627 1590 3698 Porcia
1602 3633 1793 3698 tamenta

394 3739 476 3802 sola
490 3754 564 3819 pro
585 3742 690 3823 tergo
712 3725 842 3797 civium
863 3730 945 3796 lata
964 3726 1123 3816 videtur,
1140 3729 1242 3812 quod
1254 3731 1364 3820 gravi
1371 3754 1506 3820 poeno,
1524 3733 1561 3799 si
1578 3732 1661 3817 quis
1678 3735 1794 3804 serbe·

396 3849 516 3906 resset
526 3847 726 3904 necassetve
736 3834 844 3902 civem
851 3831 1213 3920 Romanum,sonrit.
1227 3835 1287 3926 cir.
1297 3839 1437 3925 Ciopro
1445 3840 1590 3905 Rabirio
1600 3861 1629 3906 o.
1637 3857 1669 3919 4.
1687 3842 1795 3918 ‘Por-

398 3943 454 4008 cia
472 3942 660 4027 lexsirgas
672 3941 716 4004 ab
724 3941 883 4006 omnium
898 3940 1026 4006 civium
1036 3943 1272 4006 Romanorum
1283 3945 1577 4029 eorporeamouit,
1595 3944 1796 4010 hiemiseri·

400 4067 476 4115 eors
503 4047 639 4133 flagella
658 4046 786 4112 retulit.
806 4055 839 4110 et
859 4048 956 4113 Verr.
978 4049 1007 4111 6.
1027 4049 1077 4114 66,
1105 4047 1258 4122 ‘Porcia
1280 4044 1336 4112 lex
1361 4047 1556 4113 libertatem
1581 4047 1711 4113 civium
1730 4049 1797 4134 iio·

400 4155 470 4222 tori
490 4149 637 4237 eripuit3
657 4149 828 4215 labienus
853 4151 960 4214 homo
984 4150 1164 4236 popularis
1189 4149 1344 4214 semidei
1368 4151 1540 4216 tradidit.’'
1574 4148 1673 4217 aliae
1692 4153 1798 4242 leges.

402 4257 659 4346 Semproniam
679 4257 804 4342 eredo,
826 4253 1010 4342 intelligit,
1024 4257 1068 4322 de
1087 4274 1156 4338 qua
1176 4255 1285 4324 Gioer.
1306 4256 1401 4321 Orat.
1421 4256 1461 4324 in
1480 4257 1552 4330 Cet.
1574 4271 1606 4334 4.
1625 4259 1655 4320 6.
1673 4257 1739 4324 sed
1756 4251 1797 4320 irs
