4116 4970
1649 393 1699 476 15·

294 595 331 652 ut
358 587 464 653 totius
491 584 659 651 orationis
689 586 787 650 color
816 605 837 648 a
864 584 1060 650 salustiano
1096 583 1236 650 dicendi
1256 603 1381 670 genere
1415 585 1623 671 abhorreat,
1656 594 1696 653 ut

292 694 406 776 potius
421 714 540 758 omnes
560 692 718 755 flosculos
733 691 944 754 salustianos
958 701 1079 754 auctor
1096 690 1273 776 collegisse
1290 689 1464 774 videatur,
1477 711 1547 773 quo
1560 690 1711 764 facilium

292 798 443 861 orationi
459 798 697 861 auctoritatem
713 800 913 862 adstrueret.
943 798 1010 860 Sed
1037 797 1107 859 alia
1127 805 1221 880 sunt,
1242 817 1318 878 quae
1340 799 1401 859 has
1426 796 1606 881 epistolas,
1625 797 1697 862 sire

292 903 465 966 orationes
490 924 545 965 cas
561 902 638 982 quis
654 902 799 984 dixerit,
822 899 916 963 fictas
936 921 1007 965 esse
1027 903 1161 964 docent.
1192 903 1316 964 Nullus
1328 887 1427 965 ¹enim
1441 901 1698 968 Grammatico·

290 1029 369 1070 rum
390 1011 462 1072 haec
482 1008 621 1070 Salustii
638 1007 764 1090 scripta
785 1005 959 1088 laudavit,
980 1025 1092 1086 neque
1116 1006 1154 1068 in
1169 1005 1293 1068 Codice
1314 1006 1501 1090 Vaticano,
1514 1027 1618 1088 quem
1641 1025 1699 1068 ac-

292 1112 441 1202 curatius
470 1111 621 1192 contuli,
638 1111 677 1172 in
710 1110 812 1172 titulo
835 1109 976 1172 Salustii
1003 1130 1130 1174 nomeu
1158 1110 1368 1194 adscriptum
1395 1124 1454 1176 est.
1485 1115 1551 1186 Sed
1576 1110 1710 1198 ceteris,

291 1216 506 1301 orationibus
522 1227 624 1298 atque
642 1214 817 1299 epistolis,
837 1237 878 1278 ex
893 1217 1033 1279 Salustii
1047 1215 1203 1302 historiis
1221 1218 1403 1302 excerptis,
1422 1219 1588 1297 adjunctae
1598 1225 1698 1288 sunt2

212 1385 221 1398 ,
292 1343 404 1404 neque
428 1325 551 1384 harum
571 1321 792 1405 epistolarum
824 1330 999 1385 auctorem
1027 1323 1226 1408 cognovisse
1248 1324 1386 1387 videtur
1404 1325 1577 1386 librarius.
1596 1318 1698 1386 Diffi·

292 1427 462 1490 cillimum
497 1439 611 1489 autem
636 1429 746 1488 estad
773 1427 1016 1509 explicandum
1040 1449 1110 1510 quo
1132 1437 1284 1512 tempore
1314 1439 1347 1504 et
1370 1449 1439 1510 quo
1472 1427 1619 1491 consilio
1643 1413 1706 1491 hae'

292 1535 445 1618 epistolae
469 1533 655 1596 aSalustio
678 1537 722 1595 ad
741 1536 907 1596 Caesarem
932 1535 1019 1596 datae
1048 1533 1128 1596 sint.
1161 1535 1249 1598 Sane
1273 1533 1436 1598 ridentur
1451 1537 1495 1596 ad
1513 1541 1698 1598 extremam

293 1641 433 1704 Caesaris
456 1649 589 1704 aetatem
608 1639 802 1724 pertinere,
822 1638 885 1700 uhi
906 1639 1106 1721 reipublicae
1123 1638 1260 1724 legibus
1284 1639 1460 1714 firmandae
1480 1657 1620 1723 operam
1640 1639 1702 1701 de·

291 1746 344 1808 dit
369 1756 402 1810 et
420 1746 588 1809 Salustius
607 1745 795 1808 Proconsul
816 1744 987 1810 Numidia
1016 1743 1092 1807 fuit.
1128 1748 1216 1808 Nam
1246 1759 1326 1809 eum
1352 1749 1470 1809 Romae
1497 1729 1709 1828 praesentem

291 1852 457 1914 Caesarem
477 1853 606 1936 scripto
629 1851 740 1912 adisse
761 1870 832 1912 non
850 1850 976 1911 adduci
993 1869 1131 1932 possum
1153 1859 1192 1912 ut
1215 1860 1343 1935 putem.
1375 1853 1441 1913 Sed
1462 1849 1580 1912 insunt
1597 1848 1699 1933 plura

291 1956 347 2019 his
368 1957 539 2041 epistolis,
563 1977 639 2038 quae
654 1959 813 2040 doceant,
835 1957 879 2016 ad
897 1966 1027 2018 certum
1049 1965 1183 2038 tempus
1201 1959 1269 2020 hoc
1287 1957 1452 2040 scriptum
1483 1954 1605 2018 referri
1627 1970 1699 2015 nou

291 2081 425 2145 possen.
468 2065 554 2124 Nam
578 2061 662 2145 (Ep.
684 2064 726 2123 11.
745 2082 773 2123 c.
792 2060 839 2143 a.)
859 2060 993 2122 adversi
1013 2060 1163 2122 consulis
1182 2059 1222 2121 fit
1236 2062 1389 2142 mentio,
1415 2079 1485 2140 quo
1505 2060 1584 2120 loco
1609 2059 1703 2119 Len·

186 2170 187 2173 ’
292 2172 402 2228 ttdum
427 2186 497 2230 esse
517 2165 802 2248 intelligendum,
824 2164 913 2226 benc
924 2171 1133 2226 monuerunt
1156 2162 1359 2246 interpretes
1381 2163 1471 2247 (Cir.
1487 2165 1567 2225 Caes.
1582 2164 1617 2222 B.
1636 2159 1699 2224 civ.

292 2263 318 2333 1'.
346 2291 360 2331 1
396 2279 429 2334 et
459 2269 517 2353 2.)
547 2269 645 2330 hreni
676 2267 786 2352 igitur
814 2277 892 2350 post
917 2267 1052 2328 bellum
1086 2274 1243 2328 coortum
1274 2269 1347 2330 haec
1379 2267 1506 2349 scripta
1534 2285 1607 2330 esse
1636 2259 1712 2349 pu?

293 2375 417 2438 taveris
440 2396 450 2453 3
475 2377 534 2438 sed
566 2373 672 2457 paulo
704 2371 796 2434 infra
823 2352 922 2456 (cap.
944 2369 1027 2454 IV.)
1057 2381 1232 2435 mortuum
1267 2373 1430 2435 Catonem
1455 2381 1488 2435 et
1516 2374 1554 2434 L
1577 2371 1710 2448 Domi-¹

291 2480 379 2542 tium
402 2477 496 2543 dicit.
518 2479 631 2563 Igitur
649 2477 752 2540 etiam
769 2475 972 2558 Pompcjum
985 2476 1059 2554 jam
1072 2498 1194 2540 caesum
1212 2475 1317 2540 fuisse
1335 2496 1470 2540 necesse
1494 2485 1553 2540 est.
1572 2475 1640 2539 Sed
1657 2477 1709 2540 de-

292 2587 357 2648 illo
375 2583 515 2666 quoque
535 2584 629 2667 (cap.
642 2580 726 2661 111.)
751 2591 922 2662 tamquam
942 2580 1022 2642 vivo
1040 2581 1253 2644 mentionem
1272 2581 1444 2660 injecerat.
1473 2581 1586 2666 Quid,
1606 2581 1701 2662 quod
1729 2565 1732 2572 ’

294 2713 364 2774 cap.
388 2691 443 2755 tx.
468 2690 594 2751 iterum
613 2685 851 2748 L.Domitium
877 2695 910 2748 et
932 2687 977 2746 M.
992 2687 1156 2749 Catonem
1172 2695 1434 2773 commemorat,
1455 2697 1493 2752 ut
1510 2690 1564 2772 de,
1580 2706 1700 2750 eorum

292 2796 477 2858 virtutibus
500 2795 666 2876 disputet,
694 2793 792 2873 quasi
811 2791 934 2875 etiam,
957 2800 1030 2853 tum
1051 2791 1119 2853 sint
1138 2792 1294 2858 timendi.
1324 2796 1481 2856 Ceterum
1504 2791 1702 2856 confusioni

293 2911 488 2985 temporum
512 2897 640 2979 aliquis
660 2904 851 2977 succurrat,
870 2894 983 2976 capite
1005 2906 1128 2974 quarto
1147 2897 1303 2980 sublato,
1323 2899 1383 2960 sed
1404 2899 1471 2961 hoc
1494 2906 1545 2963 est
1564 2917 1699 2962 causam

294 3005 375 3068 satis
400 3005 569 3067 lubricam
587 3023 709 3087 parum
731 3000 840 3063 firmis
860 2998 1071 3082 argumentis
1090 3009 1124 3063 et
1147 3001 1284 3092 levibus
1306 3003 1510 3080 conjecturis
1537 3001 1701 3066 defende-

294 3130 346 3176 re.
373 3109 440 3172 Sed
469 3119 508 3169 ut
532 3117 625 3169 certo
647 3116 801 3189 tempore
824 3103 957 3185 scriptae
983 3103 1051 3166 sint
1077 3102 1202 3191 literae,
1235 3106 1425 3170 videndum
1446 3116 1513 3192 est,
1534 3129 1619 3171 num
1642 3127 1702 3172 eo-
1747 3109 1753 3118 '

295 3235 372 3298 rum
387 3218 627 3296 argumentum
648 3219 681 3272 et
697 3208 839 3272 Salustii
856 3207 998 3294 ingenio
1014 3218 1048 3272 et
1061 3209 1237 3295 amicitia,
1258 3233 1335 3294 qum
1353 3213 1386 3277 ei
1403 3235 1482 3276 cum
1496 3215 1625 3279 Caesare
1644 3212 1702 3278 in-

226 3313 231 3316 ’
296 3317 457 3400 tercessit,
479 3315 560 3379 satis
572 3314 616 3378 sit
633 3321 909 3376 consentaneum.
937 3315 1014 3376 lam
1034 3314 1118 3377 huic
1131 3315 1283 3399 epistolae
1301 3319 1427 3382 multas
1441 3320 1550 3385 inesse
1564 3327 1701 3384 senten-

295 3422 377 3506 tias,
398 3419 546 3484 Salustio
567 3421 658 3481 haud
682 3417 843 3503 indignas
874 3441 976 3485 nemo
997 3420 1158 3505 negabit3
1180 3443 1295 3486 rerum
1317 3424 1474 3487 civilium
1494 3425 1588 3488 enim
1609 3425 1702 3508 peri·

296 3537 369 3590 tum
395 3525 548 3610 epistola
570 3531 745 3587 auctorem
768 3522 848 3602 jure
873 3525 1009 3590 dixeris.
1039 3525 1107 3590 Sed
1135 3529 1291 3610 quamvis
1317 3541 1414 3596 acute
1434 3508 1478 3595 de
1501 3531 1702 3615 reipublicae

297 3632 407 3698 torma
424 3631 469 3695 sit
487 3631 716 3715 disputatum,
736 3642 851 3698 tamen
871 3631 1109 3716 nisicousilia,
1125 3654 1201 3716 quae
1218 3636 1426 3724 proposuit,
1437 3640 1481 3706 ad
1499 3643 1700 3725 praeaentem

381 3909 499 3975 Orsus
519 3904 572 3970 tis
593 3929 698 3972 senos
717 3905 845 3971 seriem
867 3914 1045 3971 connecto
1059 3927 1132 3990 per
1151 3925 1270 3970 aanor

379 4013 415 4079 J
413 4034 472 4076 am
496 4015 576 4102 lego
599 4009 697 4076 civili
715 4012 862 4076 mistum
884 4013 1055 4078 Mavorte
1075 4014 1234 4076 duellum

383 4114 507 4184 Movit
529 4119 629 4202 quod
645 4115 747 4186 acciu
770 4114 953 4184 Sertorius
974 4119 1081 4184 exsul
1095 4117 1219 4186 Ibero.
