4116 4970
1604 387 1653 464 63

258 589 296 644 tu
317 579 459 644 amissa:
480 599 557 662 quae
574 578 674 644 verbi
693 577 900 666 significatio
921 575 1032 640 rarius
1050 574 1194 658 quidem
1213 575 1379 658 occurrit,
1399 579 1459 640 sed
1473 579 1657 646 coufirma-

257 693 313 748 tur
345 685 503 748 Suetonii
522 687 610 748 loco.
627 686 742 748 Octav.
758 706 783 747 c
809 706 858 764 71·
881 703 973 765 quas
992 701 1124 758 manus
1143 676 1276 744 remisi.
1298 667 1381 744 ltine
1398 680 1543 768 lactum,
1564 693 1602 748 ut
1616 686 1655 750 in

256 789 376 852 multis
387 793 491 853 Codd.
511 793 597 854 olen
618 789 857 874 explicationis
877 806 977 852 causa
998 788 1190 850 adderetur.
1219 788 1259 846 In
1273 806 1368 868 pene
1387 794 1468 850 nota
1487 788 1656 873 simplici·

261 900 365 957 tatem
386 894 493 976 prisci
513 893 700 978 sermonis,
720 895 851 972 dequo
872 891 931 954 cfr.
954 891 1021 952 Cic.
1042 894 1103 974 Ep.
1124 893 1168 952 ad
1188 890 1265 952 Div.
1279 911 1308 968 9.
1320 906 1368 956 aa.
1390 888 1566 957 redimere
1584 894 1608 957 i.
1625 913 1657 960 e.

256 1016 376 1081 poenas
396 997 532 1060 sceleris
553 996 799 1080 largitionibus
818 1003 995 1058 averterat.
1016 994 1076 1066 cfr,
1098 992 1190 1055 infra
1208 996 1287 1077 bug.
1308 1016 1335 1056 c.
1358 1012 1406 1075 ²9·
1428 996 1494 1058 sed
1508 999 1659 1086 Jugur·

255 1101 321 1163 tba
337 1097 498 1183 primum
520 1109 664 1164 tantum
688 1097 776 1164 belli
793 1120 934 1164 moram
958 1097 1167 1162 redimebat.
1188 1098 1256 1160 Cic.
1276 1119 1340 1182 pro
1361 1099 1493 1164 Milone
1515 1121 1585 1185 cap.
1604 1107 1657 1168 3².

252 1201 412 1288 pecunia
433 1226 471 1268 se
483 1207 614 1288 polam
636 1227 659 1268 a
677 1201 868 1295 jndicibus
888 1204 1101 1267 redemerat.
1122 1201 1317 1285 parricida
1339 1202 1397 1265 cfr.
1420 1207 1504 1268 Fest.
1525 1225 1551 1270 s.
1571 1225 1657 1272 voce
1720 1222 1721 1232 ¹

255 1309 449 1392 «parricida
462 1330 534 1372 uon
544 1309 664 1391 utique
678 1311 729 1394 is,
751 1310 814 1392 qui
826 1317 1003 1394 parentem
1010 1307 1207 1389 occidisset,
1222 1307 1409 1392 dicebatur,
1425 1313 1483 1373 sed
1499 1311 1656 1390 qualem·

257 1433 392 1496 cunque
423 1415 610 1478 hominem.
651 1417 692 1478 ld
720 1423 834 1478 autem
861 1413 965 1478 fuisse
985 1413 1116 1475 indicat
1145 1413 1201 1475 lex
1220 1415 1338 1476 Numae
1359 1415 1524 1497 Pompilii
1544 1416 1655 1500 regis,

256 1518 311 1581 bis
327 1519 515 1602 composita
535 1519 667 1583 verbis:
687 1518 738 1595 ,si
758 1520 836 1600 quis
856 1519 1034 1583 hominem
1054 1518 1203 1582 liberum
1224 1519 1305 1580 dolo
1327 1519 1436 1581 sciens
1444 1519 1547 1582 morti
1560 1520 1656 1606 duit,

253 1622 426 1708 parricida
446 1622 555 1686 esto.’'
585 1644 698 1686 monn
718 1624 862 1688 observa
887 1626 1033 1688 eandem
1052 1643 1171 1686 vocem
1197 1621 1296 1686 brevi
1313 1624 1424 1706 spatio
1445 1623 1656 1710 intermisso,

255 1728 485 1791 diversissimo
507 1749 608 1792 seusu
628 1728 771 1814 figurate
790 1729 956 1812 positam
989 1728 1026 1790 id
1054 1729 1149 1808 quod
1177 1728 1331 1789 Cortium
1351 1729 1541 1812 perpulisse
1560 1731 1655 1795 vide·

254 1840 325 1915 tur,
346 1840 385 1894 ut
404 1833 580 1916 superiore
600 1834 695 1918 loco,
714 1854 788 1898 ano
808 1853 873 1917 pro
896 1853 1008 1896 manu
1028 1832 1213 1917 legendum
1235 1850 1306 1894 esse
1320 1842 1481 1896 censeret
1502 1835 1568 1898 Sed
1580 1853 1657 1898 om-

253 1935 314 1998 nia
332 1937 421 2000 bene
440 1957 476 2000 se
496 1938 634 2000 habent.
656 1933 825 2002 conscius
845 1934 991 2000 enimus
1012 1937 1080 2003 ie.
1100 1936 1308 2000 conscientia
1329 1938 1474 2000 sceleris.
1495 1937 1657 2002 similiter

222 2091 224 2096 ,
253 2041 362 2104 Plaut.
385 2045 677 2110 Mostell.3.1.13.
700 2038 797 2106 nibil
815 2049 868 2104 est
889 2035 1077 2121 miserius,
1098 2062 1208 2122 quom
1230 2038 1374 2104 animus
1393 2037 1553 2103 bominis
1569 2061 1655 2104 eon-

253 2142 361 2209 scius.
392 2169 495 2228 quam
525 2147 812 2231 significationem
842 2146 924 2206 inde
953 2155 1063 2205 ortam
1089 2153 1191 2226 puta,
1223 2146 1317 2224 quod
1338 2144 1376 2205 in
1395 2144 1561 2206 scelerum
1582 2162 1655 2208 me-

254 2249 364 2312 moria
384 2251 531 2313 maxime
551 2251 603 2312 vis
622 2248 839 2312 conscientie
859 2249 1021 2311 cernitur.
1051 2247 1238 2310 Salustium
1259 2247 1382 2332 saepius
1397 2247 1445 2309 ita
1462 2247 1655 2312 orationem

252 2355 403 2438 variare,
422 2366 459 2417 ut
479 2354 698 2418 substantivis
718 2354 822 2416 verba
843 2361 875 2416 et
896 2352 1063 2431 adjectiva
1081 2352 1329 2437 intermisceat,
1345 2353 1420 2431 jam
1435 2371 1539 2436 supra
1564 2353 1656 2416 vidi-

253 2479 338 2522 mus.
373 2459 523 2542 o’culpo
545 2477 685 2524 vacuus.
716 2458 833 2521 addita
853 2458 1051 2543 praepositio
1071 2459 1142 2522 vim
1164 2457 1329 2522 orationis
1348 2466 1467 2544 auget,
1487 2477 1591 2538 quam
1608 2457 1655 2521 ob

253 2584 325 2626 rem
345 2565 468 2647 saepius
488 2564 688 2626 nominibus
701 2564 840 2626 urbium
852 2564 1001 2626 additur.
1014 2564 1074 2626 cfr.
1094 2566 1253 2648 Jugurth.
1269 2585 1295 2624 c.
1310 2567 1360 2624 31.
1382 2563 1424 2624 ab
1437 2562 1532 2626 inin:
1551 2558 1656 2638 «αηί-

252 2690 332 2730 mus
353 2669 398 2731 nb
421 2665 566 2757 ignavia
587 2677 699 2751 atque
718 2665 890 2733 socordia
903 2669 1129 2751 corruptus.''
1151 2666 1325 2734 incidere:
1346 2677 1384 2732 ut
1404 2669 1489 2732 alias
1509 2666 1548 2730 in
1568 2668 1655 2734 insi-

252 2773 328 2835 dias
347 2773 500 2837 incidere
521 2773 661 2855 dicitur,
681 2773 729 2834 ita
749 2772 923 2836 hocloco.
944 2768 983 2836 in
1003 2770 1207 2837 amicitiam
1228 2786 1347 2838 auctor
1366 2773 1471 2856 dixit,
1498 2773 1653 2835 utillum

254 2878 481 2959 perniciosam
498 2877 684 2954 juvenibus
705 2877 810 2940 fnisse
830 2879 937 2940 verbo
958 2877 1175 2962 significaret.
1212 2874 1437 2958 efficiebatur
1457 2881 1478 2938 i.
1497 2895 1525 2944 e.
1546 2877 1654 2942 lactus

253 2992 310 3043 cst.
340 2985 467 3045 Auctor
486 2985 552 3044 hac
571 3002 655 3044 voce
681 2982 787 3043 malas
809 2990 898 3044 artes
924 2980 1070 3044 innuere
1098 2979 1254 3062 ridetur,
1284 2980 1410 3060 quibus
1430 2980 1578 3042 Catilina
1597 2980 1653 3042 iu-

250 3105 376 3148 venum
397 3086 531 3148 animos
552 3086 651 3167 cepit.
673 3088 731 3148 sed
745 3086 867 3167 saepius
882 3084 1020 3164 efficere
1033 3084 1082 3146 ita
1096 3082 1321 3168 construitur,
1337 3092 1375 3146 ut
1404 3104 1425 3146 a
1449 3084 1555 3148 verbo
1569 3084 1653 3150 sim-

250 3189 336 3274 plici
346 3184 481 3278 fncere
506 3208 629 3272 parum
659 3183 798 3253 differre
817 3189 984 3253 rideatur.
1014 3196 1050 3250 et
1071 3195 1203 3254 aetate.
1226 3187 1504 3267 conjunctionem
1526 3189 1652 3255 omisit.

252 3298 341 3358 Med.
359 3316 388 3374 9.
410 3296 536 3360 molles
557 3297 577 3357 i.
599 3315 628 3358 e.
649 3294 805 3378 mobilis,
825 3293 951 3376 facilis,
973 3291 1143 3356 flexibilis.
1166 3290 1265 3357 Ovid.
1286 3296 1401 3356 Amor.
1420 3311 1448 3354 a.
1468 3299 1496 3361 3.
1512 3296 1541 3357 5.
1562 3297 1653 3360 mol-

252 3395 298 3461 lis
318 3397 356 3462 in
369 3393 575 3480 obsequium
588 3393 794 3487 facilisque
814 3395 1029 3486 vagantibus
1051 3419 1202 3461 essea-
1226 3401 1336 3462 fluxus
1357 3399 1379 3462 i.
1393 3417 1421 3463 e.
1444 3399 1652 3484 inconstans,

243 3504 380 3582 ‚varius3
400 3505 538 3568 Sueton.
559 3503 636 3564 Tib.
658 3521 729 3585 cap.
746 3503 795 3572 52,
822 3504 953 3565 Drusus
978 3501 1088 3566 animi
1116 3503 1269 3568 fluxioris
1290 3503 1562 3586 remissiorisque
1572 3504 1652 3570 vitae

252 3617 334 3672 erat.
354 3609 429 3693 lug.
445 3629 473 3670 c.
502 3623 571 3684 rot.
591 3627 644 3672 res
664 3609 823 3670 humanae
832 3605 967 3693 fluxae
987 3617 1022 3671 et
1043 3605 1192 3672 mobiles
1218 3609 1390 3672 dicuntur.
1429 3605 1498 3674 Uti
1516 3612 1610 3691 quod
1631 3629 1652 3670 a

252 3714 367 3776 Cortio
389 3716 516 3795 absque
538 3715 643 3776 Godd.
665 3711 871 3778 auctoritate
891 3712 928 3772 iu
951 3719 1079 3774 textum
1099 3720 1272 3792 receptum
1292 3722 1507 3796 putaveram,
1527 3711 1651 3776 confir·
1764 3701 1768 3712 ⁴

251 3827 322 3880 mat
340 3820 431 3890 Med,
452 3839 479 3880 1.
500 3817 630 3898 aliique
651 3817 750 3896 libri;
770 3835 873 3896 quare
892 3827 1033 3899 propter
1047 3815 1257 3899 euphoniam
1277 3815 1432 3898 praefero.
1441 3813 1649 3906 flagrabat.

251 3923 362 3986 Verba
382 3943 457 4004 quae
472 3923 543 3986 vim
561 3921 651 4007 ignis
668 3921 860 4004 illustrant,
879 3924 922 3983 ad
941 3941 1060 3985 omues
1078 3921 1186 3984 animi
1204 3921 1477 4006 perturbationes
1495 3921 1651 3988 referun-

251 4035 321 4108 tur,
341 4029 401 4090 sed
423 4027 471 4087 ita
494 4026 566 4090 fere
579 4035 617 4090 ut
633 4026 741 4088 animi
763 4026 932 4110 cupiditas
949 4035 1044 4090 sexto
1067 4047 1145 4090 casu
1160 4026 1235 4090 istis
1253 4025 1367 4089 verbis
1385 4027 1560 4112 jungatur.
1588 4029 1649 4090 sed

251 4128 354 4194 etiam
364 4130 435 4214 ipsa
445 4131 557 4194 libido
554 4128 737 4219 flagrare,
758 4126 1271 4214 ardere‚accendictc.dicitur.
1294 4131 1352 4196 cir.
1368 4133 1435 4195 cic.
1445 4153 1519 4216 pro.
1529 4128 1646 4194 Coelio

252 4236 281 4298 5.
292 4273 308 4308 <a
303 4231 526 4324 flagrabant
537 4232 625 4299 vitia
633 4232 794 4300 libidinis
805 4237 906 4320 opud
912 4233 1046 4300 illum.”
1054 4273 1101 4320 -,
1105 4236 1282 4303 modestia
1294 4238 1355 4302 clr.
1365 4255 1466 4323 supra
1476 4257 1504 4300 c.
1517 4255 1565 4298 rt.
1577 4233 1647 4300 nisi
