4108 4976
1566 429 1634 502 321

239 621 264 685 l.
284 639 349 708 pro
368 623 577 709 agricultura
595 619 757 708 positum.
778 625 930 689 ceterum
947 623 1021 687 haec
1041 619 1321 706 comprehensio,
1340 620 1407 707 (ita
1426 620 1519 686 enim
1529 623 1646 709 perio·

241 731 324 792 dum
345 731 520 814 appellare
539 728 698 794 Ciceroni
716 729 863 814 placuit)
884 750 925 794 eo
946 727 1089 795 nomine
1109 729 1279 814 uuanda,
1298 732 1393 810 quod
1412 728 1647 816 multomagis

241 842 291 899 est
309 844 466 900 contorta
488 843 523 900 et
543 835 761 920 impeditior,
785 855 889 918 quam
908 833 1110 900 salustianos
1132 832 1307 916 scripturas
1327 832 1416 897 ratio
1441 833 1515 904 fert.
1538 856 1647 901 exor-

240 944 317 1004 uat.
338 938 398 1003 cir.
409 943 482 1004 Cata
492 941 543 1004 86.
566 934 681 1004 armis
694 935 928 1005 uicinitatem.
949 959 1052 1025 supra
1070 941 1120 1002 52.
1140 937 1267 1003 aciem.
1279 939 1329 1001 85.
1351 933 1564 1004 convivium.
1579 943 1649 1006 hoc

239 1044 318 1110 loco
340 1045 415 1110 sine
434 1057 514 1110 casu
533 1045 704 1132 positum,
716 1054 755 1109 ut
774 1065 876 1130 supra
892 1039 1097 1129 providere3
1117 1042 1303 1129 significat,
1323 1062 1501 1129 apparare,
1518 1034 1649 1110 instru'·
1668 1113 1671 1120 ,

239 1169 307 1216 ere.
328 1149 389 1214 cir.
409 1172 481 1236 cap.
494 1164 544 1232 qs.
564 1147 835 1216 administrare.
856 1150 991 1214 Curtius
1012 1147 1086 1214 iter
1104 1148 1318 1232 adCapsam
1334 1151 1563 1234 supplendum
1576 1169 1649 1218 esse
1761 1203 1764 1218 .

219 1265 371 1341 censet,
391 1261 451 1321 sed
473 1260 540 1321 hoe
559 1259 666 1322 verbo
687 1275 865 1348 nonyopus
886 1264 951 1336 est;
972 1254 1097 1338 quodsi
1117 1255 1212 1319 enim
1233 1254 1375 1336 aliquod
1390 1255 1648 1342 adjungendum

240 1370 306 1446 est,
326 1361 441 1446 potius
462 1361 619 1446 dixerim,
641 1359 776 1447 omnia,
794 1361 867 1445 rel,
890 1381 983 1443 quae
1002 1355 1209 1424 necessaria
1230 1369 1353 1445 eraut,
1373 1359 1510 1444 aliaque
1528 1362 1647 1442 hujus-

241 1467 376 1530 cemodi
407 1487 477 1532 esse
504 1467 742 1553 intelligenda.
770 1461 941 1550 oppidum
970 1463 1093 1530 Laris.
1122 1485 1201 1528 cum
1222 1467 1259 1527 in
1277 1465 1460 1530 Itinerario
1487 1462 1647 1533 Laribus

240 1571 284 1634 sit
305 1590 501 1654 nomenque
520 1572 658 1657 plurale
678 1571 783 1636 etiam
803 1572 848 1633 ab
863 1571 1056 1658 Augustino
1076 1578 1303 1635 memoratum
1323 1572 1385 1656 sit,
1403 1580 1494 1636 recte
1513 1569 1648 1639 eortius

241 1673 353 1742 Laris
374 1697 482 1742 aecus.
500 1679 590 1763 plur.
612 1697 684 1742 esse
699 1676 879 1756 judicavit.
906 1698 982 1758 quae
999 1677 1153 1739 laudavit
1173 1676 1369 1740 Perizonius
1383 1679 1554 1763 exempla:
1583 1697 1650 1762 op-

234 1781 362 1864 pidum
379 1781 527 1866 Patavi,
546 1779 692 1868 flumen
712 1778 847 1862 Rheni,
864 1776 962 1868 fans
980 1778 1204 1862 Arethusae,
1225 1799 1298 1842 non
1325 1779 1440 1844 minus
1466 1792 1566 1868 certa,
1585 1786 1646 1848 sed

238 1871 371 1950 ab'noc
391 1889 468 1951 loco
490 1887 604 1950 aliena
623 1894 711 1952 sunt.
724 1882 835 1975 jubet
856 1879 1025 1966 dicitque.
1057 1880 1219 1966 dicitque
1247 1903 1366 1948 omnes
1391 1885 1476 1950 libri
1496 1897 1648 1975 servant,

240 1997 274 2056 et
288 2011 332 2055 ne
346 2011 434 2056 unus
446 1991 588 2073 quidem
600 1991 637 2053 in
650 1991 808 2054 hocloco
822 1989 988 2073 dissentit,
1004 1989 1176 2072 nisiquod
1184 1989 1385 2054 Taurinens.
1392 1988 1647 2076 praedicitque

239 2097 353 2162 habet.
378 2099 437 2160 sed
449 2097 517 2160 .vel
531 2082 533 2088 ¹
546 2096 708 2160 omnibus
727 2098 833 2158 Codd.
855 2095 974 2159 inritis
993 2097 1060 2158 hoe
1078 2096 1223 2158 verbum
1241 2095 1440 2160 deleverim.
1484 2097 1649 2183 Inprimis

240 2199 335 2264 enim
354 2203 417 2264 sub
441 2201 546 2265 linem
570 2203 748 2286 Iugurthae
770 2209 820 2264 est
841 2200 1076 2284 perspicuum,
1109 2200 1221 2264 multa
1256 2201 1426 2280 ejusmodi
1454 2221 1475 2264 a
1500 2203 1650 2268 Salustio

241 2305 366 2370 omissa
386 2315 420 2371 et
430 2308 474 2369 ab
492 2306 631 2370 insulsis
642 2305 872 2393 grammaticis
881 2314 1000 2389 postea
1013 2305 1131 2370 alieno
1143 2307 1222 2370 loco
1242 2306 1445 2392 interposita
1456 2326 1537 2372 esse.
1557 2317 1649 2374 recte

240 2413 332 2476 Cort.
354 2412 486 2477 confert
512 2412 604 2477 inira
630 2433 703 2499 cap.
719 2433 786 2494 1⁰9·
815 2411 971 2494 quamvis
990 2431 1063 2475 non
1085 2411 1292 2499 negaverim
1312 2413 1421 2475 multa
1441 2433 1518 2495 quae
1538 2413 1577 2478 in
1595 2434 1672 2480 se·.

239 2517 390 2582 rioribus
409 2517 550 2582 Salustii
569 2517 704 2602 scriptis
724 2525 924 2601 occurrunt,
960 2515 999 2580 in
1023 2516 1142 2600 priora
1163 2537 1235 2581 non
1258 2537 1329 2582 esse
1349 2515 1542 2594 inferenda.
1572 2520 1651 2585 fieri

240 2621 344 2686 enim,
358 2622 489 2708 potuit,
519 2631 558 2686 ut
586 2621 784 2689 labentibus
813 2622 914 2688 annis
945 2621 1068 2687 durior
1098 2621 1179 2704 ejus'
1198 2622 1297 2690 fieret
1325 2623 1447 2692 oratio.
1482 2620 1649 2690 Tanaim.

239 2729 334 2820 Eicb.

321 2837 401 2918 Cap.
421 2835 505 2899 XCI.
525 2833 693 2902 omuibus
708 2859 857 2921 parare.
879 2832 1046 2902 omnibus
1063 2855 1132 2902 om.
1144 2834 1346 2898 Taurinens.
1366 2835 1479 2899 duum
1492 2831 1647 2898 millium

241 2935 445 3004 intervallo.
466 2939 525 3002 cir.
546 2960 649 3024 supra
665 2944 715 3005 5⁵.
734 2939 874 3005 duobus
895 2937 998 3022 lacis,
1016 2939 1120 3002 lraud
1137 2941 1245 3026 lange
1267 2936 1364 3002 irater
1376 2959 1431 3016 se,
1452 2934 1666 3026 castrasas

241 3040 395 3107 ciebant.
409 3081 451 3095 -
464 3046 637 3108 intentus.
657 3044 680 3112 i.
699 3065 729 3114 e.
749 3044 822 3110 acic
843 3044 1008 3108 instructa
1027 3027 1062 3107 et
1086 3047 1130 3106 ad
1151 3063 1270 3110 omnes
1290 3063 1386 3108 casus
1409 3051 1538 3127 parata.
1569 3063 1652 3108 cae·

237 3168 334 3236 gere.
354 3146 516 3210 infinitiv.
537 3157 588 3212 est
606 3147 644 3211 in
665 3149 761 3212 Eicb.
789 3149 1006 3238 Jugurtltac
1035 3155 1230 3232 apportare.
1259 3158 1320 3213 etc.
1340 3147 1400 3215 cfr.
1417 3149 1466 3210 88.
1489 3167 1565 3231 pra
1584 3149 1653 3214 Ιιο-

239 3248 357 3316 atibus
376 3259 412 3315 et
433 3252 625 3317 advorsum
645 3275 683 3318 se
703 3251 1046 3338 opportunissumae
1065 3249 1396 3340 erant-ipsidum
1418 3261 1510 3321 erat.
1530 3255 1606 3320 Vat.
1619 3258 1650 3318 8.
1770 3333 1773 3342 Ι

241 3363 364 3421 autea.
375 3358 461 3425 Ven.
479 3381 506 3418 ι.
528 3357 689 3444 irfidum,
710 3378 825 3441 neque
844 3367 967 3423 autea.
985 3357 1186 3422 Taurinens.
1209 3359 1458 3424 coercebatur.
1478 3360 1564 3423 Ven.
1578 3364 1606 3424 8.
1621 3377 1652 3437 4.

240 3465 301 3528 sed
321 3457 573 3528 rectePeriaon.
595 3462 759 3528 defendit
770 3463 980 3527 coercitum.
1000 3483 1117 3528 sensus
1138 3463 1242 3548 idem,
1262 3464 1325 3547 qui
1345 3481 1446 3549 supra
1463 3469 1514 3546 76.
1536 3459 1655 3556 infec-

242 3573 331 3631 tum.
360 3567 437 3649 qui'
452 3568 547 3632 enim
571 3569 664 3631 haud
694 3576 821 3633 temere
839 3587 994 3651 unquam
1020 3569 1187 3635 coercitus
1212 3580 1280 3655 est,
1298 3591 1412 3655 neque
1432 3569 1535 3654 facile
1554 3570 1654 3636 dein-
1731 3609 1733 3616 ι

241 3691 319 3758 ceps
339 3673 489 3737 coerceri
507 3681 629 3758 potest.

322 3780 402 3861 Cap.
422 3779 522 3841 XCII.
542 3774 721 3861 patravit.
751 3780 1029 3846 om.Taurinens.
1052 3784 1178 3845 clarus
1197 3787 1294 3844 arcte.
1313 3783 1395 3846 Van.
1412 3804 1438 3844 1.
1457 3799 1535 3842 cum
1547 3799 1651 3864 supra
1684 3795 1686 3810 ¹

123 3943 127 3950 .
240 3891 353 3948 antea
365 3885 534 3949 exhibeat.
549 3905 656 3968 quare
666 3887 762 3949 baud
775 3885 876 3948 facile
889 3888 933 3948 de
943 3884 999 3948 his
1013 3883 1314 3948 terminationibus
1325 3885 1409 3948 certi
1424 3883 1511 3967 quid
1520 3885 1653 3951 consti·
1741 3935 1746 3948 .

144 4058 148 4066 ,
238 3995 325 4052 tuas.
348 3997 383 4054 et
396 3987 547 4054 clarior.
560 3992 635 4056 Vat.
650 4016 678 4054 2.
699 3989 954 4055 tradebantur.
969 3989 1029 4056 cir.
1043 3991 1173 4074 Dictys.
1187 4005 1217 4066 4.
1235 4009 1282 4052 ro.
1302 3989 1450 4055 trabere
1466 3985 1505 4056 irs
1521 4011 1651 4055 verum.

240 4093 350 4159 ruat.
371 4095 468 4160 Tria.
481 4111 511 4162 a.
524 4101 554 4170 4.
573 4115 619 4159 ιο.
651 4091 780 4159 itidem
802 4114 878 4158 una
898 4095 1020 4159 trado.
1039 4095 1121 4160 vide
1141 4097 1234 4180 apud
1256 4099 1404 4160 eundem
1425 4097 1560 4160 Curcul.
1575 4111 1606 4171 4.
1621 4109 1650 4158 a.

240 4215 290 4262 ao.
319 4199 442 4263 eadem
469 4200 592 4263 hercle
617 4219 677 4264 vos
696 4220 800 4285 pona
828 4207 864 4264 et
878 4219 987 4282 paro.
1013 4199 1089 4265 Val.
1110 4202 1199 4263 Max.
1212 4207 1241 4265 8.
1259 4202 1323 4268 ult.
1354 4211 1452 4266 metu
1472 4196 1651 4266 violentae

238 4297 370 4370 martis
389 4300 529 4373 amicas
542 4299 901 4414 iuiusicosquejuata
910 4324 1059 4390 ponere.
1068 4341 1112 4360 -
1124 4301 1285 4370 dr'virrum
1298 4325 1383 4372 esse.
1396 4307 1541 4372 verbum
1556 4305 1653 4374 solus

1194 4415 1243 4490 56
