4106 4974
386 379 461 454 218

385 576 463 641 looo
473 561 650 661 fatigare
668 565 812 630 verbum
837 569 998 628 neutrum
1026 579 1099 628 esse
1125 562 1220 627 haud
1239 559 1427 628 statuerim.
1447 601 1490 618 -
1517 569 1700 632 extremae
1719 567 1744 632 i.
1765 587 1796 636 e.

385 697 547 760 summe,
574 669 747 751 maximae;
769 670 864 751 cujus
874 669 1016 754 quidem
1036 667 1300 756 significationis
1320 670 1415 752 apud
1434 667 1596 733 meliores
1614 657 1798 758 seiiptores

384 784 444 850 vix
463 779 658 864 exemplum
689 775 855 842 invenias.
875 775 1000 862 sepius
1020 775 1110 840 inest
1128 773 1273 839 vilitatis
1293 772 1402 838 notio.
1432 794 1509 856 que
1530 795 1608 838 cum
1623 775 1696 855 jam
1716 779 1798 842 sub⁴

385 887 533 955 stantiro
553 883 652 968 insit,
672 881 756 946 inde
776 879 904 946 iactum
924 882 1078 966 ridetur,
1098 881 1230 948 uthere
1251 878 1300 943 its
1319 878 1524 964 exprimeret
1541 881 1718 948 Salustius
1737 881 1799 948 ni-

384 991 422 1058 si
438 989 548 1076 forte.
569 988 651 1054 satis
670 993 813 1072 constat,
831 989 894 1051 hes
913 988 1100 1071 particulas
1119 984 1270 1054 orationi
1288 983 1473 1072 subjungi,
1492 985 1553 1050 ubi
1574 986 1710 1068 aliquid
1730 1007 1796 1072 po-

386 1098 503 1182 nitur,
523 1097 618 1179 quod
638 1095 825 1157 absurdum
845 1109 918 1158 esse
935 1110 1000 1177 per
1017 1111 1054 1157 sc
1073 1099 1174 1177 patet.
1210 1091 1358 1156 Salustio
1384 1093 1458 1158 hec
1477 1091 1629 1158 formula
1648 1093 1795 1160 usitatis·

385 1202 484 1268 sima.
516 1200 625 1265 decus
655 1197 797 1284 proprie
817 1204 894 1281 est,
925 1199 1019 1280 quod
1040 1200 1149 1263 decet.
1180 1199 1240 1264 sed
1262 1197 1359 1262 aliud
1380 1205 1449 1282 est,
1482 1219 1561 1262 oum
1580 1202 1624 1263 ad
1645 1207 1794 1265 nostram

382 1306 539 1394 ipsorum
567 1303 832 1388 conscientiam,
859 1300 956 1366 aliud
981 1323 1060 1369 cum
1085 1305 1130 1367 ad
1159 1303 1344 1368 hominum
1366 1303 1501 1384 judicia
1521 1303 1684 1386 refertum
1705 1305 1795 1370 illud

384 1415 495 1496 idem,
515 1413 610 1494 quod
630 1418 771 1475 rectum
793 1417 897 1490 atque
918 1409 1109 1474 honestum
1127 1427 1207 1475 vere
1226 1408 1373 1490 dixeris3
1394 1409 1462 1474 hoc
1483 1428 1585 1493 sensu
1604 1429 1706 1496 supra
1723 1413 1795 1476 Cat.

385 1522 437 1582 5³.
458 1517 616 1580 dixerat:
638 1513 780 1582 Catoni
796 1509 958 1578 studr'rem
979 1509 1195 1599 modestiae,
1216 1507 1377 1599 decern,
1403 1514 1469 1578 sed
1492 1511 1652 1579 maxime
1668 1511 1797 1580 severi·

386 1616 479 1686 tatis
493 1627 584 1684 erat.
613 1617 707 1683 idem
727 1617 947 1702 inquadem
969 1613 1157 1683 universae
1168 1615 1263 1686 ritae
1275 1613 1539 1702 aequabilitate
1550 1619 1700 1703 positum
1724 1637 1797 1687 esse

388 1726 508 1792 Cicero
530 1723 627 1788 dicit.
649 1721 769 1810 (Offic.
784 1745 812 1786 r.
828 1722 901 1807 δι.)
922 1724 1070 1788 alterum
1090 1723 1225 1788 decoris
1245 1743 1353 1810 genus
1370 1724 1528 1808 proxime
1546 1727 1589 1788 ad
1615 1724 1797 1789 notionem

386 1828 672 1898 existimationis
683 1829 832 1913 accedit,
852 1829 1286 1912 quamrecteccrt.Grtece
1306 1825 1401 1918 iiior
1419 1830 1671 1915 interpretatur.
1690 1829 1796 1896 etiam

386 1937 505 2002 Cicero
525 1932 639 2022 (offic.
661 1956 690 1999 r.
712 1933 777 2018 ²7·)
797 1935 893 1998 haud
913 1933 1121 1998 inconcinne
1141 1933 1180 1998 in
1201 1934 1359 2017 quodam
1369 1944 1507 2001 ornatu
1521 1933 1615 2002 vitae
1625 1933 1799 2001 contineri

386 2041 480 2106 dicit.
514 2044 608 2126 apud
627 2059 716 2104 nosr
736 2040 848 2106 Ehre.
869 2040 913 2104 de
932 2041 998 2103 hac
1017 2037 1270 2126 significatione
1288 2039 1369 2104 ride
1390 2043 1464 2110 cat.
1483 2059 1535 2123 a9.
1559 2037 1717 2124 divitiae,
1737 2041 1797 2106 de·

385 2166 469 2231 eres,
485 2143 612 2235 gloria
632 2142 672 2212 in
694 2142 813 2212 oculis
831 2143 918 2216 site.
941 2152 977 2210 et
997 2164 1070 2230 cap.
1084 2146 1134 2210 58.
1157 2143 1219 2211 eir.
1238 2146 1318 2209 Tac.
1338 2147 1427 2214 Ann.
1449 2161 1498 2210 ra.
1512 2147 1562 2222 48.
1583 2141 1716 2229 paucis
1736 2145 1798 2210 ele·

387 2272 452 2317 cns
463 2246 656 2334 publicum
677 2271 801 2320 curae.
827 2287 870 2304 ·-
887 2246 1110 2340 gratificari.
1128 2252 1165 2315 h.
1180 2269 1210 2318 e.
1230 2249 1269 2314 in
1289 2250 1435 2331 alicujus
1454 2248 1600 2338 gratiam
1620 2267 1659 2317 re
1678 2249 1798 2334 eliqua

386 2359 531 2440 cedere,
560 2375 621 2420 seu
642 2359 736 2420 dono
755 2359 865 2436 dare;
894 2357 944 2420 ita
964 2355 1152 2419 Annalium
1176 2354 1325 2441 scriptor
1342 2359 1435 2442 apud
1455 2354 1546 2424 Plin.
1560 2359 1610 2432 34.
1626 2357 1656 2424 6.
1701 2355 1801 2438 quod

386 2483 554 2546 campum
584 2457 791 2526 Tiberinum
812 2457 1032 2550 gratfficata
1052 2467 1144 2524 erret
1164 2481 1207 2526 ee
1222 2463 1375 2546 populo.
1404 2464 1560 2528 Ceterum
1576 2469 1696 2526 auctor
1712 2459 1798 2526 arni·

385 2583 444 2629 cos
462 2564 606 2628 Antonii
625 2571 728 2643 atque
747 2564 928 2629 Ootariani
947 2565 1003 2628 his
1021 2566 1137 2629 verbis
1156 2566 1281 2630 leviter
1296 2566 1531 2651 perstrinxisse
1549 2566 1696 2630 videtur.

428 2671 505 2750 Cap.
519 2667 575 2731 lv.
586 2661 763 2729 memoria
777 2687 900 2728 rerum
915 2671 1330 2752 gestorum-memoria
1339 2690 1411 2735 non
1424 2672 1536 2736 solum
1551 2669 1798 2757 cognitionem,

387 2775 482 2856 quod
491 2769 628 2837 (lortius
642 2767 833 2853 judicarit,
852 2772 912 2834 sed
928 2770 1032 2836 etiam
1052 2772 1163 2860 ipsam
1183 2775 1419 2842 narrationem
1440 2775 1609 2863 exprimit.
1630 2773 1688 2838 cir.
1703 2777 1797 2838 Brut.

387 2883 419 2944 ³.
441 2877 550 2963 liber,
581 2895 652 2959 quo
674 2870 744 2939 iste
766 2872 929 2942 omnium
950 2899 1073 2945 rerum
1095 2877 1308 2948 memoriam
1330 2881 1484 2948 breviter
1502 2883 1711 2964 complexus
1731 2889 1797 2946 est.

386 2983 447 3051 cir.
461 2988 545 3069 Nep.
557 2982 711 3052 Hannih.
725 2985 757 3046 8.
770 2983 842 3052 Lir.
854 3000 904 3048 aa.
917 3007 966 3067 27.
980 2985 1089 3050 lebet
1110 2986 1181 3051 hoe
1201 2990 1308 3051 nulla
1328 2981 1505 3053 memoria
1526 2981 1728 3050 annalium.
1742 3002 1799 3052 ea·

387 3092 467 3154 dem
477 3087 797 3173 significatioetiem
809 3091 876 3155 hoc
886 3091 965 3156 loco
975 3091 1121 3157 obtinet.
1141 3089 1296 3178 cognitio
1310 3090 1405 3157 enim
1415 3090 1568 3156 historie
1587 3085 1799 3181 negotium,

385 3192 489 3277 quod
506 3189 653 3278 ingenio
674 3201 873 3279 exercetur,
892 3196 965 3260 dici
978 3217 1051 3262 non
1069 3205 1193 3282 potest.
1214 3197 1538 3281 praetereundum.
1559 3198 1652 3260 cort.
1670 3189 1799 3260 dicerer

385 3297 655 3384 intelligendum
670 3315 741 3361 esse
750 3297 904 3381 judicat,
923 3302 1019 3380 quod
1032 3301 1121 3363 mihi
1134 3302 1277 3383 quidem
1290 3309 1410 3365 contra
1422 3300 1569 3366 videtur.
1595 3319 1675 3364 nam
1683 3319 1797 3385 prae·

389 3399 501 3466 terire
519 3403 607 3466 alias
626 3402 768 3483 quidem
788 3402 901 3467 solum
922 3405 1151 3470 accusativum
1177 3407 1285 3494 regit,
1314 3409 1376 3472 sed
1402 3407 1569 3472 hocloco
1596 3427 1676 3472 eum
1704 3405 1798 3470 abla-

386 3503 459 3568 tivo
474 3505 634 3584 junctum
654 3513 694 3567 ut
714 3508 784 3571 Cat.
802 3521 835 3579 t.
867 3507 1050 3572 absolvere
1071 3511 1114 3574 de
1134 3507 1407 3601 conjuratione.
1425 3513 1506 3575 Tac.
1524 3511 1613 3581 Hist.
1626 3528 1656 3589 4.
1671 3513 1722 3590 48.
1753 3531 1798 3576 ea

388 3608 493 3675 dere
513 3628 623 3693 quam
646 3600 826 3674 verissime
849 3608 1049 3692 expediam.
1084 3630 1198 3693 neque
1219 3613 1374 3678 alienum
1404 3624 1455 3679 est
1495 3619 1712 3700 explorare,
1736 3635 1801 3680 ee·

379 3735 544 3800 ponere,
567 3735 787 3806 cognoscere
807 3716 850 3778 de
867 3736 909 3783 re
929 3711 1120 3799 aliqua...
1142 3726 1271 3782 memet
1289 3715 1453 3784 studium
1472 3743 1592 3787 meum
1611 3718 1798 3787 laudando

390 3823 628 3885 extollere-
648 3841 766 3886 meum
780 3839 848 3889 orn.
868 3823 955 3886 Ven.
977 3827 1007 3886 3.
1028 3826 1103 3889 Vat.
1127 3826 1157 3900 l.
1178 3825 1366 3891 laudando
1390 3845 1456 3890 om.
1477 3830 1554 3893 Vat.
1575 3830 1607 3891 6.
1627 3828 1721 3892 unde
1734 3822 1799 3888 sli-

387 3922 467 4009 quis
485 3923 690 3992 lectionem
717 3924 1016 3991 memetstudium
1036 3932 1213 3996 extollere
1232 3932 1416 4020 confingat.
1437 3935 1532 3999 haud
1548 3933 1799 4020 metiueqmm

388 4027 421 4096 si
458 4029 575 4093 Gortio
613 4033 848 4117 assentiatur,
880 4030 943 4114 qui
973 4035 1196 4118 asperrimam
1231 4040 1419 4104 verborum
1452 4049 1658 4104 structuram
1694 4039 1801 4103 indu·
1830 4083 1838 4094 .

386 4133 447 4200 xit.
481 4131 605 4202 labori
622 4157 711 4202 meo.
738 4135 892 4201 historie
919 4140 1174 4208 conscribenda
1205 4144 1389 4209 consilium
1421 4145 1604 4233 significet.
1632 4146 1802 4210 salutare

389 4239 416 4320 i,
454 4261 485 4314 e.
517 4244 665 4331 gratiam
695 4241 808 4331 plebis
840 4251 1002 4331 captare,
1035 4267 1157 4314 manus
1194 4267 1387 4340 prensare,
1419 4251 1563 4322 nomine
1591 4249 1793 4338 appellare,
