<?xml version="1.0" encoding="UTF-8"?>
<!DOCTYPE html PUBLIC "-//W3C//DTD XHTML 1.0 Transitional//EN"
    "http://www.w3.org/TR/xhtml1/DTD/xhtml1-transitional.dtd">
<html xmlns="http://www.w3.org/1999/xhtml" xml:lang="en" lang="en">
 <head>
  <title>
</title>
<meta http-equiv="Content-Type" content="text/html;charset=utf-8" />
  <meta name='ocr-system' content='tesseract 3.04.00' />
  <meta name='ocr-capabilities' content='ocr_page ocr_carea ocr_par ocr_line ocrx_word'/>
</head>
<body>
  <div class='ocr_page' id='page_1' title='image "./salustiiquaeexs02sallgoog_0135.png"; bbox 0 0 4106 4974; ppageno 0'>
   <div class='ocr_carea' id='block_1_1' title="bbox 343 401 445 482">
    <p class='ocr_par' dir='ltr' id='par_1_1' title="bbox 343 401 445 482">
     <span class='ocr_line' id='line_1_1' title="bbox 343 401 445 482; baseline -0.039 1"><span class='ocrx_word' id='word_1_1' title='bbox 343 401 349 414; x_wconf 80' lang='grc'><strong>’</strong></span> <span class='ocrx_word' id='word_1_2' title='bbox 378 429 445 482; x_wconf 79' lang='lat' dir='ltr'>raa</span> 
     </span>
    </p>
   </div>
   <div class='ocr_carea' id='block_1_2' title="bbox 372 577 1780 896">
    <p class='ocr_par' dir='ltr' id='par_1_2' title="bbox 372 577 1780 896">
     <span class='ocr_line' id='line_1_2' title="bbox 372 577 1780 674; baseline -0.023 -9"><span class='ocrx_word' id='word_1_3' title='bbox 372 595 469 664; x_wconf 90' lang='lat' dir='ltr'>modi</span> <span class='ocrx_word' id='word_1_4' title='bbox 488 591 619 674; x_wconf 83' lang='lat' dir='ltr'>rerba,</span> <span class='ocrx_word' id='word_1_5' title='bbox 651 604 735 670; x_wconf 27' lang='lat' dir='ltr'>que.</span> <span class='ocrx_word' id='word_1_6' title='bbox 747 585 839 670; x_wconf 83' lang='lat' dir='ltr'>apud</span> <span class='ocrx_word' id='word_1_7' title='bbox 859 579 1020 664; x_wconf 85' lang='lat' dir='ltr'>antiquos</span> <span class='ocrx_word' id='word_1_8' title='bbox 1040 577 1222 663; x_wconf 73' lang='lat' dir='ltr'>scriptores</span> <span class='ocrx_word' id='word_1_9' title='bbox 1243 579 1431 642; x_wconf 87' lang='lat' dir='ltr'>secundum</span> <span class='ocrx_word' id='word_1_10' title='bbox 1453 577 1590 644; x_wconf 87' lang='lat' dir='ltr'>tertiam</span> <span class='ocrx_word' id='word_1_11' title='bbox 1612 579 1780 670; x_wconf 61' lang='lat' dir='ltr'>conjuga.</span> 
     </span>
     <span class='ocr_line' id='line_1_3' title="bbox 373 685 1778 777; baseline -0.021 -8"><span class='ocrx_word' id='word_1_12' title='bbox 373 705 504 770; x_wconf 86' lang='lat' dir='ltr'>tionem</span> <span class='ocrx_word' id='word_1_13' title='bbox 524 699 723 777; x_wconf 87' lang='lat' dir='ltr'>flectuntur,</span> <span class='ocrx_word' id='word_1_14' title='bbox 741 691 860 756; x_wconf 83' lang='lat' dir='ltr'>laudnt</span> <span class='ocrx_word' id='word_1_15' title='bbox 889 687 1051 753; x_wconf 73' lang='lat' dir='ltr'>Priscian.</span> <span class='ocrx_word' id='word_1_16' title='bbox 1063 685 1118 748; x_wconf 82' lang='lat' dir='ltr'>tx.</span> <span class='ocrx_word' id='word_1_17' title='bbox 1139 703 1217 770; x_wconf 82' lang='lat' dir='ltr'>pag.</span> <span class='ocrx_word' id='word_1_18' title='bbox 1230 685 1292 764; x_wconf 75' lang='lat'>459</span> <span class='ocrx_word' id='word_1_19' title='bbox 1313 691 1347 749; x_wconf 88' lang='lat' dir='ltr'>et</span> <span class='ocrx_word' id='word_1_20' title='bbox 1366 686 1437 758; x_wconf 74' lang='lat'>460.</span> <span class='ocrx_word' id='word_1_21' title='bbox 1457 686 1518 748; x_wconf 87' lang='lat' dir='ltr'>Ed.</span> <span class='ocrx_word' id='word_1_22' title='bbox 1535 686 1657 756; x_wconf 86' lang='lat' dir='ltr'>Krehl.</span> <span class='ocrx_word' id='word_1_23' title='bbox 1688 707 1778 754; x_wconf 71' lang='lat' dir='ltr'>con.</span> 
     </span>
     <span class='ocr_line' id='line_1_4' title="bbox 373 787 1779 896; baseline -0.014 -22"><span class='ocrx_word' id='word_1_24' title='bbox 373 803 473 891; x_wconf 77' lang='lat' dir='ltr'>nivo,</span> <span class='ocrx_word' id='word_1_25' title='bbox 483 797 612 896; x_wconf 82' lang='lat' dir='ltr'>servo,</span> <span class='ocrx_word' id='word_1_26' title='bbox 632 793 769 882; x_wconf 83' lang='lat' dir='ltr'>strido,</span> <span class='ocrx_word' id='word_1_27' title='bbox 780 791 913 890; x_wconf 76' lang='lat' dir='ltr'>fulgo,</span> <span class='ocrx_word' id='word_1_28' title='bbox 936 795 1008 861; x_wconf 85' lang='lat' dir='ltr'>olo.</span> <span class='ocrx_word' id='word_1_29' title='bbox 1032 790 1197 856; x_wconf 83' lang='lat' dir='ltr'>Diomed.</span> <span class='ocrx_word' id='word_1_30' title='bbox 1212 793 1263 871; x_wconf 82' lang='lat'>³7·</span> <span class='ocrx_word' id='word_1_31' title='bbox 1292 789 1353 852; x_wconf 86' lang='lat' dir='ltr'>Ed.</span> <span class='ocrx_word' id='word_1_32' title='bbox 1371 792 1507 855; x_wconf 87' lang='lat' dir='ltr'>Putsch.</span> <span class='ocrx_word' id='word_1_33' title='bbox 1547 789 1675 856; x_wconf 84' lang='lat' dir='ltr'>Etiam</span> <span class='ocrx_word' id='word_1_34' title='bbox 1697 787 1779 879; x_wconf 81' lang='lat' dir='ltr'>ipsa</span> 
     </span>
    </p>
   </div>
   <div class='ocr_carea' id='block_1_3' title="bbox 373 891 1779 1100">
    <p class='ocr_par' dir='ltr' id='par_1_3' title="bbox 373 891 1779 1100">
     <span class='ocr_line' id='line_1_5' title="bbox 374 891 1779 996; baseline -0.011 -17"><span class='ocrx_word' id='word_1_35' title='bbox 374 912 561 979; x_wconf 82' lang='lat' dir='ltr'>verborum</span> <span class='ocrx_word' id='word_1_36' title='bbox 592 899 809 996; x_wconf 75' lang='lat' dir='ltr'>conjugatio</span> <span class='ocrx_word' id='word_1_37' title='bbox 837 897 962 985; x_wconf 86' lang='lat' dir='ltr'>prima</span> <span class='ocrx_word' id='word_1_38' title='bbox 981 893 1032 962; x_wconf 86' lang='lat' dir='ltr'>sit</span> <span class='ocrx_word' id='word_1_39' title='bbox 1052 917 1102 962; x_wconf 82' lang='lat' dir='ltr'>ou</span> <span class='ocrx_word' id='word_1_40' title='bbox 1123 891 1256 978; x_wconf 82' lang='lat' dir='ltr'>tertio,</span> <span class='ocrx_word' id='word_1_41' title='bbox 1276 893 1364 960; x_wconf 85' lang='lat' dir='ltr'>item</span> <span class='ocrx_word' id='word_1_42' title='bbox 1383 897 1542 970; x_wconf 74' lang='lat' dir='ltr'>secunda</span> <span class='ocrx_word' id='word_1_43' title='bbox 1562 892 1613 962; x_wconf 82' lang='lat' dir='ltr'>sit</span> <span class='ocrx_word' id='word_1_44' title='bbox 1633 919 1683 962; x_wconf 86' lang='lat' dir='ltr'>arr</span> <span class='ocrx_word' id='word_1_45' title='bbox 1705 905 1779 964; x_wconf 80' lang='lat' dir='ltr'>ter-</span> 
     </span>
     <span class='ocr_line' id='line_1_6' title="bbox 373 995 1777 1100; baseline -0.014 -18"><span class='ocrx_word' id='word_1_46' title='bbox 373 1012 449 1100; x_wconf 86' lang='lat' dir='ltr'>tia,</span> <span class='ocrx_word' id='word_1_47' title='bbox 469 1010 647 1082; x_wconf 72' lang='lat' dir='ltr'>nocitura</span> <span class='ocrx_word' id='word_1_48' title='bbox 667 1015 845 1076; x_wconf 78' lang='lat' dir='ltr'>vetustate</span> <span class='ocrx_word' id='word_1_49' title='bbox 857 1000 1035 1074; x_wconf 75' lang='lat' dir='ltr'><em>dissentit.</em></span> <span class='ocrx_word' id='word_1_50' title='bbox 1056 995 1167 1086; x_wconf 80' lang='lat' dir='ltr'>Galli,</span> <span class='ocrx_word' id='word_1_51' title='bbox 1186 995 1339 1092; x_wconf 76' lang='lat' dir='ltr'>cognito</span> <span class='ocrx_word' id='word_1_52' title='bbox 1354 1021 1452 1066; x_wconf 83' lang='lat' dir='ltr'>cous.</span> <span class='ocrx_word' id='word_1_53' title='bbox 1474 1000 1567 1085; x_wconf 88' lang='lat' dir='ltr'>(cito</span> <span class='ocrx_word' id='word_1_54' title='bbox 1582 1001 1667 1088; x_wconf 92' lang='lat' dir='ltr'>om.)</span> <span class='ocrx_word' id='word_1_55' title='bbox 1683 1003 1777 1073; x_wconf 80' lang='lat' dir='ltr'>Eich.</span> 
     </span>
    </p>
   </div>
   <div class='ocr_carea' id='block_1_4' title="bbox 228 1102 1777 1220">
    <p class='ocr_par' dir='ltr' id='par_1_4' title="bbox 228 1102 1777 1220">
     <span class='ocr_line' id='line_1_7' title="bbox 228 1102 1777 1220; baseline -0.009 -32"><span class='ocrx_word' id='word_1_56' title='bbox 228 1205 231 1220; x_wconf 41' lang='grc' dir='ltr'>Ι</span> <span class='ocrx_word' id='word_1_57' title='bbox 339 1189 342 1194; x_wconf 80' lang='grc'><em>,</em></span> <span class='ocrx_word' id='word_1_58' title='bbox 374 1117 509 1188; x_wconf 82' lang='lat' dir='ltr'>deinde.</span> <span class='ocrx_word' id='word_1_59' title='bbox 528 1113 620 1184; x_wconf 79' lang='lat' dir='ltr'>deiru</span> <span class='ocrx_word' id='word_1_60' title='bbox 641 1118 716 1185; x_wconf 82' lang='lat' dir='ltr'>Vnt.</span> <span class='ocrx_word' id='word_1_61' title='bbox 734 1136 764 1180; x_wconf 83' lang='lat'>1.</span> <span class='ocrx_word' id='word_1_62' title='bbox 782 1115 878 1196; x_wconf 88' lang='lat' dir='ltr'>quod</span> <span class='ocrx_word' id='word_1_63' title='bbox 897 1111 1085 1194; x_wconf 81' lang='lat' dir='ltr'>antiquius.</span> <span class='ocrx_word' id='word_1_64' title='bbox 1105 1109 1200 1174; x_wconf 78' lang='lat' dir='ltr'>velut</span> <span class='ocrx_word' id='word_1_65' title='bbox 1220 1102 1433 1193; x_wconf 76' lang='lat' dir='ltr'><em>hospitibus.</em></span> <span class='ocrx_word' id='word_1_66' title='bbox 1454 1108 1537 1172; x_wconf 87' lang='lat' dir='ltr'>Cod.</span> <span class='ocrx_word' id='word_1_67' title='bbox 1558 1107 1652 1174; x_wconf 85' lang='lat' dir='ltr'>Eich.</span> <span class='ocrx_word' id='word_1_68' title='bbox 1672 1111 1777 1174; x_wconf 59' lang='lat' dir='ltr'>Char*</span> 
     </span>
    </p>
   </div>
   <div class='ocr_carea' id='block_1_5' title="bbox 372 1236 1778 1415">
    <p class='ocr_par' dir='ltr' id='par_1_5' title="bbox 372 1236 1778 1415">
     <span class='ocr_line' id='line_1_8' title="bbox 372 1236 1778 1415; baseline -0.01 -20"><span class='ocrx_word' id='word_1_69' title='bbox 372 1236 436 1292; x_wconf 72' lang='lat'>¹⁸⁰·</span> <span class='ocrx_word' id='word_1_70' title='bbox 450 1328 530 1415; x_wconf 84' lang='lat' dir='ltr'>Cap.</span> <span class='ocrx_word' id='word_1_71' title='bbox 548 1329 666 1396; x_wconf 87' lang='lat' dir='ltr'>XLVI.</span> <span class='ocrx_word' id='word_1_72' title='bbox 686 1326 876 1391; x_wconf 82' lang='lat' dir='ltr'>declarare</span> <span class='ocrx_word' id='word_1_73' title='bbox 893 1320 918 1386; x_wconf 92' lang='lat' dir='ltr'>i.</span> <span class='ocrx_word' id='word_1_74' title='bbox 940 1341 969 1386; x_wconf 91' lang='lat' dir='ltr'>e.</span> <span class='ocrx_word' id='word_1_75' title='bbox 984 1321 1236 1404; x_wconf 86' lang='lat' dir='ltr'>demonstrare,</span> <span class='ocrx_word' id='word_1_76' title='bbox 1256 1317 1489 1402; x_wconf 58' lang='lat' dir='ltr'>manifestam</span> <span class='ocrx_word' id='word_1_77' title='bbox 1510 1319 1589 1405; x_wconf 88' lang='lat' dir='ltr'>plus</span> <span class='ocrx_word' id='word_1_78' title='bbox 1606 1326 1658 1386; x_wconf 85' lang='lat' dir='ltr'>cst</span> <span class='ocrx_word' id='word_1_79' title='bbox 1672 1277 1778 1403; x_wconf 82' lang='lat' dir='ltr'>quam</span> 
     </span>
    </p>
   </div>
   <div class='ocr_carea' id='block_1_6' title="bbox 275 1423 1847 4474">
    <p class='ocr_par' dir='ltr' id='par_1_6' title="bbox 275 1423 1847 4474">
     <span class='ocr_line' id='line_1_9' title="bbox 372 1423 1778 1521; baseline -0.006 -22"><span class='ocrx_word' id='word_1_80' title='bbox 372 1434 586 1521; x_wconf 85' lang='lat' dir='ltr'>significare,</span> <span class='ocrx_word' id='word_1_81' title='bbox 606 1439 640 1496; x_wconf 90' lang='lat' dir='ltr'>et</span> <span class='ocrx_word' id='word_1_82' title='bbox 659 1431 698 1496; x_wconf 89' lang='lat' dir='ltr'>id</span> <span class='ocrx_word' id='word_1_83' title='bbox 720 1431 888 1512; x_wconf 80' lang='lat' dir='ltr'>declarat,</span> <span class='ocrx_word' id='word_1_84' title='bbox 905 1429 979 1492; x_wconf 84' lang='lat' dir='ltr'>baec</span> <span class='ocrx_word' id='word_1_85' title='bbox 999 1446 1072 1491; x_wconf 89' lang='lat' dir='ltr'>non</span> <span class='ocrx_word' id='word_1_86' title='bbox 1092 1425 1204 1490; x_wconf 91' lang='lat' dir='ltr'>solum</span> <span class='ocrx_word' id='word_1_87' title='bbox 1224 1425 1384 1489; x_wconf 87' lang='lat' dir='ltr'>nuntiata</span> <span class='ocrx_word' id='word_1_88' title='bbox 1401 1423 1521 1510; x_wconf 84' lang='lat' dir='ltr'>fuisse,</span> <span class='ocrx_word' id='word_1_89' title='bbox 1555 1428 1615 1489; x_wconf 92' lang='lat' dir='ltr'>sed</span> <span class='ocrx_word' id='word_1_90' title='bbox 1636 1425 1778 1496; x_wconf 83' lang='lat' dir='ltr'>nuntios</span> 
     </span>
     <span class='ocr_line' id='line_1_10' title="bbox 373 1528 1775 1621; baseline -0.008 -17"><span class='ocrx_word' id='word_1_91' title='bbox 373 1538 493 1607; x_wconf 88' lang='lat' dir='ltr'>omnia</span> <span class='ocrx_word' id='word_1_92' title='bbox 511 1545 667 1602; x_wconf 87' lang='lat' dir='ltr'>accurate</span> <span class='ocrx_word' id='word_1_93' title='bbox 688 1535 892 1620; x_wconf 80' lang='lat' dir='ltr'><strong>exposuisse.</strong></span> <span class='ocrx_word' id='word_1_94' title='bbox 911 1529 1117 1621; x_wconf 83' lang='lat' dir='ltr'>intelligens</span> <span class='ocrx_word' id='word_1_95' title='bbox 1134 1567 1178 1584; x_wconf 92' lang='lat'>·-</span> <span class='ocrx_word' id='word_1_96' title='bbox 1201 1528 1384 1597; x_wconf 82' lang='lat' dir='ltr'>dubitans.</span> <span class='ocrx_word' id='word_1_97' title='bbox 1420 1529 1609 1596; x_wconf 73' lang='lat' dir='ltr'>manifeste</span> <span class='ocrx_word' id='word_1_98' title='bbox 1635 1529 1775 1616; x_wconf 81' lang='lat' dir='ltr'>glossa,</span> 
     </span>
     <span class='ocr_line' id='line_1_11' title="bbox 372 1623 1783 1724; baseline -0.006 -16"><span class='ocrx_word' id='word_1_99' title='bbox 372 1646 433 1708; x_wconf 89' lang='lat' dir='ltr'>sed</span> <span class='ocrx_word' id='word_1_100' title='bbox 463 1643 502 1706; x_wconf 91' lang='lat' dir='ltr'>in</span> <span class='ocrx_word' id='word_1_101' title='bbox 529 1640 691 1708; x_wconf 88' lang='lat' dir='ltr'>omnibus</span> <span class='ocrx_word' id='word_1_102' title='bbox 716 1639 819 1704; x_wconf 88' lang='lat' dir='ltr'>libris</span> <span class='ocrx_word' id='word_1_103' title='bbox 846 1640 925 1704; x_wconf 82' lang='lat' dir='ltr'>bles.</span> <span class='ocrx_word' id='word_1_104' title='bbox 945 1638 1131 1724; x_wconf 80' lang='lat' dir='ltr'>leguntur,</span> <span class='ocrx_word' id='word_1_105' title='bbox 1161 1623 1231 1702; x_wconf 86' lang='lat' dir='ltr'>nisi</span> <span class='ocrx_word' id='word_1_106' title='bbox 1249 1640 1344 1720; x_wconf 85' lang='lat' dir='ltr'>quod</span> <span class='ocrx_word' id='word_1_107' title='bbox 1366 1636 1405 1701; x_wconf 90' lang='lat' dir='ltr'>in</span> <span class='ocrx_word' id='word_1_108' title='bbox 1426 1637 1560 1701; x_wconf 90' lang='lat' dir='ltr'>duobus</span> <span class='ocrx_word' id='word_1_109' title='bbox 1581 1634 1783 1720; x_wconf 85' lang='lat' dir='ltr'>Hispanicis</span> 
     </span>
     <span class='ocr_line' id='line_1_12' title="bbox 373 1741 1779 1834; baseline -0.004 -23"><span class='ocrx_word' id='word_1_110' title='bbox 373 1750 479 1812; x_wconf 85' lang='lat' dir='ltr'><strong>codd.</strong></span> <span class='ocrx_word' id='word_1_111' title='bbox 499 1750 614 1818; x_wconf 77' lang='lat' dir='ltr'>Fscun</span> <span class='ocrx_word' id='word_1_112' title='bbox 635 1755 669 1812; x_wconf 84' lang='lat' dir='ltr'>et</span> <span class='ocrx_word' id='word_1_113' title='bbox 688 1744 857 1832; x_wconf 88' lang='lat' dir='ltr'>principis</span> <span class='ocrx_word' id='word_1_114' title='bbox 883 1751 918 1808; x_wconf 86' lang='lat' dir='ltr'>et</span> <span class='ocrx_word' id='word_1_115' title='bbox 938 1743 979 1808; x_wconf 89' lang='lat' dir='ltr'>in</span> <span class='ocrx_word' id='word_1_116' title='bbox 999 1741 1154 1808; x_wconf 88' lang='lat' dir='ltr'>editione</span> <span class='ocrx_word' id='word_1_117' title='bbox 1180 1746 1271 1825; x_wconf 74' lang='lat'>1475.</span> <span class='ocrx_word' id='word_1_118' title='bbox 1292 1741 1500 1834; x_wconf 80' lang='lat' dir='ltr'>intelligens</span> <span class='ocrx_word' id='word_1_119' title='bbox 1520 1742 1683 1808; x_wconf 88' lang='lat' dir='ltr'>omissum</span> <span class='ocrx_word' id='word_1_120' title='bbox 1703 1759 1779 1806; x_wconf 85' lang='lat' dir='ltr'>esse</span> 
     </span>
     <span class='ocr_line' id='line_1_13' title="bbox 373 1845 1781 1940; baseline -0.006 -23"><span class='ocrx_word' id='word_1_121' title='bbox 373 1853 521 1940; x_wconf 81' lang='lat' dir='ltr'>dicitur,</span> <span class='ocrx_word' id='word_1_122' title='bbox 541 1852 704 1917; x_wconf 82' lang='lat' dir='ltr'>Gabriele</span> <span class='ocrx_word' id='word_1_123' title='bbox 723 1854 767 1916; x_wconf 91' lang='lat' dir='ltr'>de</span> <span class='ocrx_word' id='word_1_124' title='bbox 787 1851 971 1934; x_wconf 88' lang='lat' dir='ltr'>Borbonc,</span> <span class='ocrx_word' id='word_1_125' title='bbox 991 1849 1388 1936; x_wconf 86' lang='lat' dir='ltr'>iuterpreteHispanico,</span> <span class='ocrx_word' id='word_1_126' title='bbox 1408 1857 1560 1916; x_wconf 84' lang='lat' dir='ltr'>notante.</span> <span class='ocrx_word' id='word_1_127' title='bbox 1581 1849 1682 1914; x_wconf 90' lang='lat' dir='ltr'>Unde</span> <span class='ocrx_word' id='word_1_128' title='bbox 1705 1845 1781 1910; x_wconf 89' lang='lat' dir='ltr'>col-</span> 
     </span>
     <span class='ocr_line' id='line_1_14' title="bbox 372 1953 1778 2046; baseline -0.004 -24"><span class='ocrx_word' id='word_1_129' title='bbox 372 1959 661 2046; x_wconf 80' lang='lat' dir='ltr'>ligitur,·multas</span> <span class='ocrx_word' id='word_1_130' title='bbox 680 1961 888 2042; x_wconf 84' lang='lat' dir='ltr'>corruptelas</span> <span class='ocrx_word' id='word_1_131' title='bbox 904 1954 980 2036; x_wconf 88' lang='lat' dir='ltr'>jam</span> <span class='ocrx_word' id='word_1_132' title='bbox 999 1955 1249 2038; x_wconf 80' lang='lat' dir='ltr'>antiquissimis</span> <span class='ocrx_word' id='word_1_133' title='bbox 1280 1955 1492 2040; x_wconf 88' lang='lat' dir='ltr'>temporibus</span> <span class='ocrx_word' id='word_1_134' title='bbox 1520 1955 1629 2019; x_wconf 91' lang='lat' dir='ltr'>libros</span> <span class='ocrx_word' id='word_1_135' title='bbox 1661 1953 1778 2016; x_wconf 88' lang='lat' dir='ltr'>Salus-</span> 
     </span>
     <span class='ocr_line' id='line_1_15' title="bbox 300 2056 1777 2149; baseline -0.009 -16"><span class='ocrx_word' id='word_1_136' title='bbox 300 2069 304 2078; x_wconf 84' lang='lat'><strong><em>&#39;</em></strong></span> <span class='ocrx_word' id='word_1_137' title='bbox 372 2067 486 2132; x_wconf 79' lang='lat' dir='ltr'>tianos</span> <span class='ocrx_word' id='word_1_138' title='bbox 505 2065 690 2130; x_wconf 84' lang='lat' dir='ltr'>invasisse:</span> <span class='ocrx_word' id='word_1_139' title='bbox 709 2064 770 2149; x_wconf 88' lang='lat' dir='ltr'>id,</span> <span class='ocrx_word' id='word_1_140' title='bbox 793 2066 888 2146; x_wconf 84' lang='lat' dir='ltr'>quod</span> <span class='ocrx_word' id='word_1_141' title='bbox 909 2061 948 2124; x_wconf 88' lang='lat' dir='ltr'>in</span> <span class='ocrx_word' id='word_1_142' title='bbox 965 2063 1032 2126; x_wconf 89' lang='lat' dir='ltr'>hoc</span> <span class='ocrx_word' id='word_1_143' title='bbox 1041 2061 1207 2146; x_wconf 87' lang='lat' dir='ltr'>scriptore</span> <span class='ocrx_word' id='word_1_144' title='bbox 1216 2059 1352 2126; x_wconf 77' lang='lat' dir='ltr'>facilius</span> <span class='ocrx_word' id='word_1_145' title='bbox 1360 2060 1577 2145; x_wconf 83' lang='lat' dir='ltr'>fieripotuit‚</span> <span class='ocrx_word' id='word_1_146' title='bbox 1596 2057 1658 2141; x_wconf 86' lang='lat' dir='ltr'>qui</span> <span class='ocrx_word' id='word_1_147' title='bbox 1671 2056 1777 2121; x_wconf 75' lang='lat' dir='ltr'>anu-</span> 
     </span>
     <span class='ocr_line' id='line_1_16' title="bbox 371 2165 1778 2259; baseline -0.007 -21"><span class='ocrx_word' id='word_1_148' title='bbox 371 2173 447 2259; x_wconf 84' lang='lat' dir='ltr'>gari</span> <span class='ocrx_word' id='word_1_149' title='bbox 474 2192 539 2237; x_wconf 89' lang='lat' dir='ltr'>usu</span> <span class='ocrx_word' id='word_1_150' title='bbox 560 2171 730 2256; x_wconf 84' lang='lat' dir='ltr'>loquendi</span> <span class='ocrx_word' id='word_1_151' title='bbox 749 2170 892 2256; x_wconf 86' lang='lat' dir='ltr'>longius</span> <span class='ocrx_word' id='word_1_152' title='bbox 922 2167 1102 2259; x_wconf 79' lang='lat' dir='ltr'>recedebat</span> <span class='ocrx_word' id='word_1_153' title='bbox 1131 2177 1166 2234; x_wconf 88' lang='lat' dir='ltr'>et</span> <span class='ocrx_word' id='word_1_154' title='bbox 1197 2167 1236 2232; x_wconf 92' lang='lat' dir='ltr'>in</span> <span class='ocrx_word' id='word_1_155' title='bbox 1265 2187 1336 2250; x_wconf 81' lang='lat' dir='ltr'>quo</span> <span class='ocrx_word' id='word_1_156' title='bbox 1368 2167 1575 2230; x_wconf 87' lang='lat' dir='ltr'>illustrando</span> <span class='ocrx_word' id='word_1_157' title='bbox 1593 2171 1643 2228; x_wconf 88' lang='lat' dir='ltr'>tot</span> <span class='ocrx_word' id='word_1_158' title='bbox 1662 2165 1778 2230; x_wconf 88' lang='lat' dir='ltr'>rheto-</span> 
     </span>
     <span class='ocr_line' id='line_1_17' title="bbox 371 2263 1778 2359; baseline -0.006 -15"><span class='ocrx_word' id='word_1_159' title='bbox 371 2263 590 2344; x_wconf 63' lang='lat' dir='ltr'>rum‘studia</span> <span class='ocrx_word' id='word_1_160' title='bbox 620 2276 855 2342; x_wconf 83' lang='lat' dir='ltr'>elaborabant.</span> <span class='ocrx_word' id='word_1_161' title='bbox 893 2270 1029 2340; x_wconf 81' lang='lat' dir='ltr'>anxius</span> <span class='ocrx_word' id='word_1_162' title='bbox 1069 2281 1162 2342; x_wconf 84' lang='lat' dir='ltr'>erat.</span> <span class='ocrx_word' id='word_1_163' title='bbox 1194 2273 1257 2339; x_wconf 83' lang='lat' dir='ltr'>cfr.</span> <span class='ocrx_word' id='word_1_164' title='bbox 1294 2275 1372 2359; x_wconf 81' lang='lat' dir='ltr'>lug.</span> <span class='ocrx_word' id='word_1_165' title='bbox 1405 2275 1435 2336; x_wconf 98' lang='grc'>6.</span> <span class='ocrx_word' id='word_1_166' title='bbox 1464 2292 1511 2336; x_wconf 86' lang='lat' dir='ltr'>ne</span> <span class='ocrx_word' id='word_1_167' title='bbox 1545 2291 1618 2354; x_wconf 84' lang='lat' dir='ltr'>qua</span> <span class='ocrx_word' id='word_1_168' title='bbox 1645 2264 1778 2336; x_wconf 84' lang='lat' dir='ltr'>seditio</span> 
     </span>
     <span class='ocr_line' id='line_1_18' title="bbox 371 2370 1779 2467; baseline -0.007 -19"><span class='ocrx_word' id='word_1_169' title='bbox 371 2389 440 2448; x_wconf 87' lang='lat' dir='ltr'>aut</span> <span class='ocrx_word' id='word_1_170' title='bbox 468 2381 600 2449; x_wconf 86' lang='lat' dir='ltr'>bellum</span> <span class='ocrx_word' id='word_1_171' title='bbox 621 2379 796 2467; x_wconf 86' lang='lat' dir='ltr'>oriretur,</span> <span class='ocrx_word' id='word_1_172' title='bbox 818 2375 955 2446; x_wconf 76' lang='lat' dir='ltr'>auxius</span> <span class='ocrx_word' id='word_1_173' title='bbox 968 2387 1059 2446; x_wconf 85' lang='lat' dir='ltr'>erat.</span> <span class='ocrx_word' id='word_1_174' title='bbox 1080 2383 1160 2444; x_wconf 89' lang='lat' dir='ltr'>Tac.</span> <span class='ocrx_word' id='word_1_175' title='bbox 1178 2379 1268 2442; x_wconf 84' lang='lat' dir='ltr'>Ann.</span> <span class='ocrx_word' id='word_1_176' title='bbox 1293 2393 1341 2456; x_wconf 79' lang='lat'>14.</span> <span class='ocrx_word' id='word_1_177' title='bbox 1364 2381 1414 2442; x_wconf 74' lang='lat' dir='ltr'>ss.</span> <span class='ocrx_word' id='word_1_178' title='bbox 1434 2370 1589 2452; x_wconf 78' lang='lat' dir='ltr'>auxius,</span> <span class='ocrx_word' id='word_1_179' title='bbox 1610 2394 1660 2438; x_wconf 85' lang='lat' dir='ltr'>arr</span> <span class='ocrx_word' id='word_1_180' title='bbox 1681 2373 1779 2440; x_wconf 81' lang='lat' dir='ltr'>obse-</span> 
     </span>
     <span class='ocr_line' id='line_1_19' title="bbox 372 2478 1780 2570; baseline -0.006 -19"><span class='ocrx_word' id='word_1_181' title='bbox 372 2483 496 2570; x_wconf 82' lang='lat' dir='ltr'>quium</span> <span class='ocrx_word' id='word_1_182' title='bbox 517 2494 691 2570; x_wconf 82' lang='lat' dir='ltr'>senatus,</span> <span class='ocrx_word' id='word_1_183' title='bbox 711 2507 762 2550; x_wconf 83' lang='lat' dir='ltr'>on</span> <span class='ocrx_word' id='word_1_184' title='bbox 780 2483 905 2550; x_wconf 81' lang='lat' dir='ltr'>studio</span> <span class='ocrx_word' id='word_1_185' title='bbox 922 2483 1040 2568; x_wconf 82' lang='lat' dir='ltr'>plebis</span> <span class='ocrx_word' id='word_1_186' title='bbox 1059 2483 1245 2569; x_wconf 85' lang='lat' dir='ltr'>reperiret.</span> <span class='ocrx_word' id='word_1_187' title='bbox 1274 2504 1367 2569; x_wconf 89' lang='lat' dir='ltr'>opus</span> <span class='ocrx_word' id='word_1_188' title='bbox 1386 2485 1446 2548; x_wconf 85' lang='lat' dir='ltr'>sit.</span> <span class='ocrx_word' id='word_1_189' title='bbox 1466 2483 1551 2545; x_wconf 87' lang='lat' dir='ltr'>Ven.</span> <span class='ocrx_word' id='word_1_190' title='bbox 1582 2502 1609 2548; x_wconf 78' lang='grc' dir='ltr'>ι.</span> <span class='ocrx_word' id='word_1_191' title='bbox 1643 2478 1780 2544; x_wconf 85' lang='lat' dir='ltr'>(lortius</span> 
     </span>
     <span class='ocr_line' id='line_1_20' title="bbox 372 2581 1779 2678; baseline -0.006 -23"><span class='ocrx_word' id='word_1_192' title='bbox 372 2598 407 2655; x_wconf 87' lang='lat' dir='ltr'>et</span> <span class='ocrx_word' id='word_1_193' title='bbox 425 2591 494 2652; x_wconf 90' lang='lat' dir='ltr'>hoo</span> <span class='ocrx_word' id='word_1_194' title='bbox 513 2590 593 2654; x_wconf 85' lang='lat' dir='ltr'>loco</span> <span class='ocrx_word' id='word_1_195' title='bbox 613 2589 775 2672; x_wconf 83' lang='lat' dir='ltr'>verbum,</span> <span class='ocrx_word' id='word_1_196' title='bbox 796 2597 830 2652; x_wconf 89' lang='lat' dir='ltr'>et</span> <span class='ocrx_word' id='word_1_197' title='bbox 849 2589 954 2672; x_wconf 92' lang='lat' dir='ltr'>paulo</span> <span class='ocrx_word' id='word_1_198' title='bbox 978 2589 1070 2651; x_wconf 84' lang='lat' dir='ltr'>infra</span> <span class='ocrx_word' id='word_1_199' title='bbox 1083 2586 1177 2678; x_wconf 81' lang='lat' dir='ltr'>sore</span> <span class='ocrx_word' id='word_1_200' title='bbox 1197 2589 1369 2673; x_wconf 80' lang='lat' dir='ltr'>expunxit.</span> <span class='ocrx_word' id='word_1_201' title='bbox 1395 2586 1609 2674; x_wconf 82' lang='lat' dir='ltr'>perdundae</span> <span class='ocrx_word' id='word_1_202' title='bbox 1626 2581 1779 2667; x_wconf 85' lang='lat' dir='ltr'>reipubl.</span> 
     </span>
     <span class='ocr_line' id='line_1_21' title="bbox 371 2685 1779 2782; baseline -0.006 -22"><span class='ocrx_word' id='word_1_203' title='bbox 371 2693 544 2782; x_wconf 81' lang='lat' dir='ltr'>genitivus</span> <span class='ocrx_word' id='word_1_204' title='bbox 549 2735 563 2769; x_wconf 81' lang='lat'><em>,</em></span> <span class='ocrx_word' id='word_1_205' title='bbox 584 2696 629 2758; x_wconf 89' lang='lat' dir='ltr'>de</span> <span class='ocrx_word' id='word_1_206' title='bbox 660 2713 730 2776; x_wconf 85' lang='lat' dir='ltr'>quo</span> <span class='ocrx_word' id='word_1_207' title='bbox 768 2692 850 2758; x_wconf 82' lang='lat' dir='ltr'>vide</span> <span class='ocrx_word' id='word_1_208' title='bbox 884 2713 987 2775; x_wconf 89' lang='lat' dir='ltr'>supra</span> <span class='ocrx_word' id='word_1_209' title='bbox 1015 2712 1076 2777; x_wconf 92' lang='lat' dir='ltr'>cap</span> <span class='ocrx_word' id='word_1_210' title='bbox 1104 2695 1133 2754; x_wconf 86' lang='lat'>6.</span> <span class='ocrx_word' id='word_1_211' title='bbox 1173 2694 1307 2758; x_wconf 82' lang='lat' dir='ltr'>variare</span> <span class='ocrx_word' id='word_1_212' title='bbox 1328 2692 1423 2758; x_wconf 88' lang='lat' dir='ltr'>enim</span> <span class='ocrx_word' id='word_1_213' title='bbox 1442 2690 1630 2756; x_wconf 77' lang='lat' dir='ltr'>Salustium</span> <span class='ocrx_word' id='word_1_214' title='bbox 1650 2685 1779 2752; x_wconf 83' lang='lat' dir='ltr'>oratio-</span> 
     </span>
     <span class='ocr_line' id='line_1_22' title="bbox 371 2793 1780 2886; baseline -0.004 -22"><span class='ocrx_word' id='word_1_215' title='bbox 371 2799 504 2866; x_wconf 86' lang='lat' dir='ltr'>nemin</span> <span class='ocrx_word' id='word_1_216' title='bbox 534 2797 703 2885; x_wconf 85' lang='lat' dir='ltr'>oppositis</span> <span class='ocrx_word' id='word_1_217' title='bbox 726 2797 801 2878; x_wconf 83' lang='lat' dir='ltr'>jam</span> <span class='ocrx_word' id='word_1_218' title='bbox 829 2797 953 2883; x_wconf 78' lang='lat' dir='ltr'>sapius</span> <span class='ocrx_word' id='word_1_219' title='bbox 984 2807 1033 2864; x_wconf 87' lang='lat' dir='ltr'>est</span> <span class='ocrx_word' id='word_1_220' title='bbox 1067 2797 1248 2864; x_wconf 90' lang='lat' dir='ltr'>monitum.</span> <span class='ocrx_word' id='word_1_221' title='bbox 1288 2798 1506 2886; x_wconf 83' lang='lat' dir='ltr'>confirmato</span> <span class='ocrx_word' id='word_1_222' title='bbox 1542 2793 1666 2860; x_wconf 87' lang='lat' dir='ltr'>animo</span> <span class='ocrx_word' id='word_1_223' title='bbox 1696 2793 1721 2863; x_wconf 90' lang='lat' dir='ltr'>i.</span> <span class='ocrx_word' id='word_1_224' title='bbox 1749 2814 1780 2860; x_wconf 89' lang='lat' dir='ltr'>c.</span> 
     </span>
     <span class='ocr_line' id='line_1_23' title="bbox 371 2901 1847 2989; baseline -0.001 -19"><span class='ocrx_word' id='word_1_225' title='bbox 371 2905 497 2971; x_wconf 87' lang='lat' dir='ltr'>timore</span> <span class='ocrx_word' id='word_1_226' title='bbox 528 2905 639 2970; x_wconf 83' lang='lat' dir='ltr'>animi</span> <span class='ocrx_word' id='word_1_227' title='bbox 673 2904 777 2973; x_wconf 80' lang='lat' dir='ltr'>victo.</span> <span class='ocrx_word' id='word_1_228' title='bbox 813 2905 964 2989; x_wconf 81' lang='lat' dir='ltr'>Coepor·</span> <span class='ocrx_word' id='word_1_229' title='bbox 1011 2907 1110 2970; x_wconf 83' lang='lat' dir='ltr'>Terr.</span> <span class='ocrx_word' id='word_1_230' title='bbox 1147 2905 1321 2988; x_wconf 87' lang='lat' dir='ltr'>quendam</span> <span class='ocrx_word' id='word_1_231' title='bbox 1357 2925 1424 2970; x_wconf 91' lang='lat' dir='ltr'>om.</span> <span class='ocrx_word' id='word_1_232' title='bbox 1458 2904 1553 2970; x_wconf 87' lang='lat' dir='ltr'>Eicb.</span> <span class='ocrx_word' id='word_1_233' title='bbox 1595 2927 1619 2966; x_wconf 88' lang='lat' dir='ltr'>r.</span> <span class='ocrx_word' id='word_1_234' title='bbox 1635 2925 1663 2964; x_wconf 83' lang='lat' dir='ltr'>r.</span> <span class='ocrx_word' id='word_1_235' title='bbox 1690 2901 1778 2966; x_wconf 84' lang='lat' dir='ltr'>Ter-</span> <span class='ocrx_word' id='word_1_236' title='bbox 1843 2963 1847 2968; x_wconf 90' lang='grc'><em>,</em></span> 
     </span>
     <span class='ocr_line' id='line_1_24' title="bbox 372 3007 1783 3098; baseline -0.003 -22"><span class='ocrx_word' id='word_1_237' title='bbox 372 3007 620 3096; x_wconf 83' lang='lat' dir='ltr'>racinensem,</span> <span class='ocrx_word' id='word_1_238' title='bbox 639 3011 845 3076; x_wconf 88' lang='lat' dir='ltr'>Terracinae</span> <span class='ocrx_word' id='word_1_239' title='bbox 858 3031 919 3076; x_wconf 91' lang='lat' dir='ltr'>seu</span> <span class='ocrx_word' id='word_1_240' title='bbox 938 3011 1077 3076; x_wconf 83' lang='lat' dir='ltr'>Anxure</span> <span class='ocrx_word' id='word_1_241' title='bbox 1098 3010 1303 3098; x_wconf 86' lang='lat' dir='ltr'>oriundum,</span> <span class='ocrx_word' id='word_1_242' title='bbox 1335 3031 1412 3095; x_wconf 78' lang='lat' dir='ltr'>que</span> <span class='ocrx_word' id='word_1_243' title='bbox 1432 3012 1514 3076; x_wconf 89' lang='lat' dir='ltr'>urbs</span> <span class='ocrx_word' id='word_1_244' title='bbox 1534 3010 1573 3074; x_wconf 88' lang='lat' dir='ltr'>in</span> <span class='ocrx_word' id='word_1_245' title='bbox 1593 3029 1654 3074; x_wconf 86' lang='lat' dir='ltr'>ora</span> <span class='ocrx_word' id='word_1_246' title='bbox 1674 3007 1783 3072; x_wconf 90' lang='lat' dir='ltr'>maris</span> 
     </span>
     <span class='ocr_line' id='line_1_25' title="bbox 369 3116 1780 3202; baseline 0 -23"><span class='ocrx_word' id='word_1_247' title='bbox 369 3117 653 3202; x_wconf 85' lang='lat' dir='ltr'>Tyrrheni‚apud</span> <span class='ocrx_word' id='word_1_248' title='bbox 661 3116 891 3182; x_wconf 86' lang='lat' dir='ltr'>ostianentis</span> <span class='ocrx_word' id='word_1_249' title='bbox 903 3117 1066 3202; x_wconf 85' lang='lat' dir='ltr'>fluminis,</span> <span class='ocrx_word' id='word_1_250' title='bbox 1077 3119 1121 3180; x_wconf 83' lang='lat' dir='ltr'>ed</span> <span class='ocrx_word' id='word_1_251' title='bbox 1133 3117 1264 3184; x_wconf 90' lang='lat' dir='ltr'>radices</span> <span class='ocrx_word' id='word_1_252' title='bbox 1285 3118 1414 3185; x_wconf 90' lang='lat' dir='ltr'>montis</span> <span class='ocrx_word' id='word_1_253' title='bbox 1434 3118 1514 3196; x_wconf 77' lang='lat' dir='ltr'>sita3</span> <span class='ocrx_word' id='word_1_254' title='bbox 1536 3138 1596 3182; x_wconf 86' lang='lat' dir='ltr'>arx</span> <span class='ocrx_word' id='word_1_255' title='bbox 1611 3124 1723 3182; x_wconf 82' lang='lat' dir='ltr'>autern</span> <span class='ocrx_word' id='word_1_256' title='bbox 1739 3116 1780 3180; x_wconf 91' lang='lat' dir='ltr'>in</span> 
     </span>
     <span class='ocr_line' id='line_1_26' title="bbox 370 3219 1778 3306; baseline -0.002 -20"><span class='ocrx_word' id='word_1_257' title='bbox 370 3241 505 3286; x_wconf 89' lang='lat' dir='ltr'>summo</span> <span class='ocrx_word' id='word_1_258' title='bbox 538 3231 656 3284; x_wconf 86' lang='lat' dir='ltr'>monte</span> <span class='ocrx_word' id='word_1_259' title='bbox 691 3223 834 3286; x_wconf 85' lang='lat' dir='ltr'>condita</span> <span class='ocrx_word' id='word_1_260' title='bbox 866 3231 957 3301; x_wconf 84' lang='lat' dir='ltr'>erat;</span> <span class='ocrx_word' id='word_1_261' title='bbox 987 3226 1081 3287; x_wconf 90' lang='lat' dir='ltr'>unde</span> <span class='ocrx_word' id='word_1_262' title='bbox 1112 3225 1232 3287; x_wconf 83' lang='lat' dir='ltr'>Horat.</span> <span class='ocrx_word' id='word_1_263' title='bbox 1252 3226 1359 3291; x_wconf 88' lang='lat' dir='ltr'>Serm.</span> <span class='ocrx_word' id='word_1_264' title='bbox 1383 3245 1411 3284; x_wconf 82' lang='lat' dir='ltr'>r.</span> <span class='ocrx_word' id='word_1_265' title='bbox 1427 3225 1455 3288; x_wconf 84' lang='grc'>6.</span> <span class='ocrx_word' id='word_1_266' title='bbox 1473 3226 1523 3288; x_wconf 78' lang='lat'>26.</span> <span class='ocrx_word' id='word_1_267' title='bbox 1558 3219 1778 3306; x_wconf 82' lang='lat' dir='ltr'>Impositum</span> 
     </span>
     <span class='ocr_line' id='line_1_27' title="bbox 370 3324 1781 3412; baseline 0 -22"><span class='ocrx_word' id='word_1_268' title='bbox 370 3324 472 3392; x_wconf 75' lang='lat' dir='ltr'>sauir</span> <span class='ocrx_word' id='word_1_269' title='bbox 493 3328 568 3390; x_wconf 87' lang='lat' dir='ltr'>late</span> <span class='ocrx_word' id='word_1_270' title='bbox 580 3324 829 3393; x_wconf 77' lang='lat' dir='ltr'>candentibus</span> <span class='ocrx_word' id='word_1_271' title='bbox 849 3325 998 3394; x_wconf 75' lang='lat' dir='ltr'>Anxur.</span> <span class='ocrx_word' id='word_1_272' title='bbox 1027 3328 1229 3392; x_wconf 84' lang='lat' dir='ltr'>Praenomen</span> <span class='ocrx_word' id='word_1_273' title='bbox 1249 3328 1418 3412; x_wconf 80' lang='lat' dir='ltr'>Quintum</span> <span class='ocrx_word' id='word_1_274' title='bbox 1449 3330 1544 3410; x_wconf 86' lang='lat' dir='ltr'>quod</span> <span class='ocrx_word' id='word_1_275' title='bbox 1555 3329 1691 3392; x_wconf 83' lang='lat' dir='ltr'>(lortius</span> <span class='ocrx_word' id='word_1_276' title='bbox 1705 3328 1781 3410; x_wconf 59' lang='lat' dir='ltr'>Cpr-</span> 
     </span>
     <span class='ocr_line' id='line_1_28' title="bbox 369 3427 1778 3520; baseline 0.001 -28"><span class='ocrx_word' id='word_1_277' title='bbox 369 3431 469 3516; x_wconf 89' lang='lat' dir='ltr'>pario</span> <span class='ocrx_word' id='word_1_278' title='bbox 492 3427 648 3517; x_wconf 83' lang='lat' dir='ltr'>affingit,</span> <span class='ocrx_word' id='word_1_279' title='bbox 677 3434 716 3496; x_wconf 86' lang='lat' dir='ltr'>in</span> <span class='ocrx_word' id='word_1_280' title='bbox 736 3453 776 3498; x_wconf 85' lang='lat' dir='ltr'>ea</span> <span class='ocrx_word' id='word_1_281' title='bbox 796 3453 834 3497; x_wconf 89' lang='lat' dir='ltr'>re</span> <span class='ocrx_word' id='word_1_282' title='bbox 855 3453 1023 3520; x_wconf 84' lang='lat' dir='ltr'>cognosce</span> <span class='ocrx_word' id='word_1_283' title='bbox 1044 3431 1222 3498; x_wconf 89' lang='lat' dir='ltr'>audaciam</span> <span class='ocrx_word' id='word_1_284' title='bbox 1242 3433 1416 3517; x_wconf 87' lang='lat' dir='ltr'>hominis,</span> <span class='ocrx_word' id='word_1_285' title='bbox 1442 3433 1504 3515; x_wconf 90' lang='lat' dir='ltr'>qui</span> <span class='ocrx_word' id='word_1_286' title='bbox 1525 3455 1603 3498; x_wconf 91' lang='lat' dir='ltr'>cum</span> <span class='ocrx_word' id='word_1_287' title='bbox 1625 3436 1778 3496; x_wconf 85' lang='lat' dir='ltr'>Marcum</span> 
     </span>
     <span class='ocr_line' id='line_1_29' title="bbox 275 3535 1779 3623; baseline 0 -23"><span class='ocrx_word' id='word_1_288' title='bbox 275 3535 279 3546; x_wconf 89' lang='lat'>&#39;</span> <span class='ocrx_word' id='word_1_289' title='bbox 371 3535 565 3621; x_wconf 84' lang='lat' dir='ltr'>Coeparium</span> <span class='ocrx_word' id='word_1_290' title='bbox 587 3541 736 3600; x_wconf 88' lang='lat' dir='ltr'>eundem</span> <span class='ocrx_word' id='word_1_291' title='bbox 756 3538 874 3604; x_wconf 88' lang='lat' dir='ltr'>Cicero</span> <span class='ocrx_word' id='word_1_292' title='bbox 895 3539 1039 3623; x_wconf 82' lang='lat' dir='ltr'>dixerit,</span> <span class='ocrx_word' id='word_1_293' title='bbox 1059 3547 1173 3601; x_wconf 88' lang='lat' dir='ltr'>tamen</span> <span class='ocrx_word' id='word_1_294' title='bbox 1186 3558 1205 3600; x_wconf 86' lang='lat' dir='ltr'>a</span> <span class='ocrx_word' id='word_1_295' title='bbox 1219 3548 1382 3604; x_wconf 83' lang='lat' dir='ltr'>consueta</span> <span class='ocrx_word' id='word_1_296' title='bbox 1391 3538 1607 3616; x_wconf 87' lang='lat' dir='ltr'>conjectandi</span> <span class='ocrx_word' id='word_1_297' title='bbox 1615 3537 1779 3622; x_wconf 87' lang='lat' dir='ltr'>cupidine</span> 
     </span>
     <span class='ocr_line' id='line_1_30' title="bbox 370 3637 1780 3728; baseline -0.001 -22"><span class='ocrx_word' id='word_1_298' title='bbox 370 3641 521 3706; x_wconf 86' lang='lat' dir='ltr'>abstrahi</span> <span class='ocrx_word' id='word_1_299' title='bbox 531 3654 602 3708; x_wconf 81' lang='lat' dir='ltr'>no&#39;n</span> <span class='ocrx_word' id='word_1_300' title='bbox 611 3641 736 3728; x_wconf 89' lang='lat' dir='ltr'>potuit.</span> <span class='ocrx_word' id='word_1_301' title='bbox 760 3637 907 3711; x_wconf 84' lang='lat' dir='ltr'>indicio.</span> <span class='ocrx_word' id='word_1_302' title='bbox 929 3645 1107 3710; x_wconf 88' lang='lat' dir='ltr'>neitahoc</span> <span class='ocrx_word' id='word_1_303' title='bbox 1120 3642 1314 3728; x_wconf 80' lang='lat' dir='ltr'>intelligas,</span> <span class='ocrx_word' id='word_1_304' title='bbox 1334 3643 1527 3728; x_wconf 85' lang='lat' dir='ltr'>Coeparium</span> <span class='ocrx_word' id='word_1_305' title='bbox 1540 3665 1612 3708; x_wconf 88' lang='lat' dir='ltr'>rem</span> <span class='ocrx_word' id='word_1_306' title='bbox 1624 3645 1667 3708; x_wconf 86' lang='lat' dir='ltr'>ab</span> <span class='ocrx_word' id='word_1_307' title='bbox 1681 3643 1780 3706; x_wconf 83' lang='lat' dir='ltr'>Allo·</span> 
     </span>
     <span class='ocr_line' id='line_1_31' title="bbox 368 3746 1781 3838; baseline 0 -28"><span class='ocrx_word' id='word_1_308' title='bbox 368 3749 535 3836; x_wconf 84' lang='lat' dir='ltr'>brogibus</span> <span class='ocrx_word' id='word_1_309' title='bbox 563 3747 721 3816; x_wconf 88' lang='lat' dir='ltr'>Ciceroni</span> <span class='ocrx_word' id='word_1_310' title='bbox 749 3749 897 3814; x_wconf 86' lang='lat' dir='ltr'>delatam</span> <span class='ocrx_word' id='word_1_311' title='bbox 927 3750 1149 3838; x_wconf 82' lang='lat' dir='ltr'>cognovisse,</span> <span class='ocrx_word' id='word_1_312' title='bbox 1176 3751 1236 3813; x_wconf 89' lang='lat' dir='ltr'>sed</span> <span class='ocrx_word' id='word_1_313' title='bbox 1267 3750 1309 3812; x_wconf 85' lang='lat' dir='ltr'>de</span> <span class='ocrx_word' id='word_1_314' title='bbox 1338 3748 1577 3828; x_wconf 87' lang='lat' dir='ltr'>conjuratione</span> <span class='ocrx_word' id='word_1_315' title='bbox 1612 3746 1781 3833; x_wconf 81' lang='lat' dir='ltr'>patefacta</span> 
     </span>
     <span class='ocr_line' id='line_1_32' title="bbox 370 3852 1780 3940; baseline -0.003 -22"><span class='ocrx_word' id='word_1_316' title='bbox 370 3865 591 3940; x_wconf 55' lang='lat' dir='ltr'>cognoveram</span> <span class='ocrx_word' id='word_1_317' title='bbox 612 3855 784 3920; x_wconf 90' lang='lat' dir='ltr'>indicium</span> <span class='ocrx_word' id='word_1_318' title='bbox 804 3865 838 3918; x_wconf 88' lang='lat' dir='ltr'>et</span> <span class='ocrx_word' id='word_1_319' title='bbox 859 3855 1069 3920; x_wconf 83' lang='lat' dir='ltr'>delationem</span> <span class='ocrx_word' id='word_1_320' title='bbox 1090 3864 1124 3920; x_wconf 81' lang='lat' dir='ltr'>et</span> <span class='ocrx_word' id='word_1_321' title='bbox 1141 3852 1453 3919; x_wconf 80' lang='lat' dir='ltr'>manifestationem</span> <span class='ocrx_word' id='word_1_322' title='bbox 1466 3853 1636 3938; x_wconf 86' lang='lat' dir='ltr'>exprimit.</span> <span class='ocrx_word' id='word_1_323' title='bbox 1659 3873 1704 3918; x_wconf 73' lang='lat' dir='ltr'>ecc</span> <span class='ocrx_word' id='word_1_324' title='bbox 1717 3871 1780 3914; x_wconf 81' lang='lat' dir='ltr'>ur·</span> 
     </span>
     <span class='ocr_line' id='line_1_33' title="bbox 371 3958 1781 4046; baseline -0.003 -22"><span class='ocrx_word' id='word_1_325' title='bbox 371 3959 421 4026; x_wconf 84' lang='lat' dir='ltr'>be.</span> <span class='ocrx_word' id='word_1_326' title='bbox 442 3958 516 4022; x_wconf 83' lang='lat' dir='ltr'>baec</span> <span class='ocrx_word' id='word_1_327' title='bbox 536 3970 690 4046; x_wconf 85' lang='lat' dir='ltr'>suspecta</span> <span class='ocrx_word' id='word_1_328' title='bbox 710 3959 992 4046; x_wconf 84' lang='lat' dir='ltr'>habuitcortius‚</span> <span class='ocrx_word' id='word_1_329' title='bbox 1010 3961 1093 4043; x_wconf 87' lang='lat' dir='ltr'>quia</span> <span class='ocrx_word' id='word_1_330' title='bbox 1115 3959 1153 4024; x_wconf 91' lang='lat' dir='ltr'>in</span> <span class='ocrx_word' id='word_1_331' title='bbox 1174 3963 1247 4026; x_wconf 90' lang='lat' dir='ltr'>Bas.</span> <span class='ocrx_word' id='word_1_332' title='bbox 1265 3978 1293 4023; x_wconf 86' lang='lat'>1.</span> <span class='ocrx_word' id='word_1_333' title='bbox 1328 3958 1420 4024; x_wconf 87' lang='lat' dir='ltr'>inter</span> <span class='ocrx_word' id='word_1_334' title='bbox 1439 3959 1551 4026; x_wconf 89' lang='lat' dir='ltr'>lineas</span> <span class='ocrx_word' id='word_1_335' title='bbox 1570 3966 1660 4026; x_wconf 89' lang='lat' dir='ltr'>sunt.</span> <span class='ocrx_word' id='word_1_336' title='bbox 1701 3959 1781 4020; x_wconf 87' lang='lat' dir='ltr'>lam</span> 
     </span>
     <span class='ocr_line' id='line_1_34' title="bbox 362 4059 1781 4156; baseline -0.005 -25"><span class='ocrx_word' id='word_1_337' title='bbox 362 4059 568 4156; x_wconf 72' lang='lat' dir='ltr'>profugere</span> <span class='ocrx_word' id='word_1_338' title='bbox 590 4066 713 4150; x_wconf 82' lang='lat' dir='ltr'>saepius</span> <span class='ocrx_word' id='word_1_339' title='bbox 733 4068 890 4142; x_wconf 82' lang='lat' dir='ltr'>absolute</span> <span class='ocrx_word' id='word_1_340' title='bbox 912 4065 1000 4149; x_wconf 84' lang='lat' dir='ltr'>dici,</span> <span class='ocrx_word' id='word_1_341' title='bbox 1020 4062 1102 4128; x_wconf 89' lang='lat' dir='ltr'>satis</span> <span class='ocrx_word' id='word_1_342' title='bbox 1124 4073 1257 4132; x_wconf 89' lang='lat' dir='ltr'>notum.</span> <span class='ocrx_word' id='word_1_343' title='bbox 1280 4063 1339 4128; x_wconf 84' lang='lat' dir='ltr'>cir.</span> <span class='ocrx_word' id='word_1_344' title='bbox 1359 4067 1437 4150; x_wconf 85' lang='lat' dir='ltr'>Jug.</span> <span class='ocrx_word' id='word_1_345' title='bbox 1454 4068 1505 4146; x_wconf 82' lang='lat'>67.</span> <span class='ocrx_word' id='word_1_346' title='bbox 1526 4067 1576 4141; x_wconf 76' lang='grc'>64.</span> <span class='ocrx_word' id='word_1_347' title='bbox 1607 4061 1729 4141; x_wconf 85' lang='lat' dir='ltr'>Vellej.</span> <span class='ocrx_word' id='word_1_348' title='bbox 1753 4082 1781 4124; x_wconf 88' lang='lat' dir='ltr'>a.</span> 
     </span>
     <span class='ocr_line' id='line_1_35' title="bbox 371 4165 1782 4254; baseline -0.001 -21"><span class='ocrx_word' id='word_1_349' title='bbox 371 4172 420 4234; x_wconf 80' lang='grc'>66.</span> <span class='ocrx_word' id='word_1_350' title='bbox 440 4173 576 4238; x_wconf 83' lang='lat' dir='ltr'>Terent.</span> <span class='ocrx_word' id='word_1_351' title='bbox 594 4173 717 4254; x_wconf 81' lang='lat' dir='ltr'>Heaut.</span> <span class='ocrx_word' id='word_1_352' title='bbox 736 4176 765 4237; x_wconf 80' lang='grc'>6.</span> <span class='ocrx_word' id='word_1_353' title='bbox 787 4195 814 4236; x_wconf 85' lang='lat' dir='ltr'>a.</span> <span class='ocrx_word' id='word_1_354' title='bbox 833 4193 882 4253; x_wconf 81' lang='lat'>17.</span> <span class='ocrx_word' id='word_1_355' title='bbox 894 4173 986 4235; x_wconf 87' lang='lat' dir='ltr'>Curt.</span> <span class='ocrx_word' id='word_1_356' title='bbox 1011 4191 1043 4251; x_wconf 83' lang='lat'>7.</span> <span class='ocrx_word' id='word_1_357' title='bbox 1066 4192 1093 4233; x_wconf 85' lang='lat' dir='ltr'>r.</span> <span class='ocrx_word' id='word_1_358' title='bbox 1111 4189 1160 4231; x_wconf 82' lang='lat' dir='ltr'>ro.</span> <span class='ocrx_word' id='word_1_359' title='bbox 1178 4171 1246 4234; x_wconf 85' lang='lat' dir='ltr'>Sed</span> <span class='ocrx_word' id='word_1_360' title='bbox 1260 4169 1344 4236; x_wconf 82' lang='lat' dir='ltr'>inde</span> <span class='ocrx_word' id='word_1_361' title='bbox 1363 4190 1435 4237; x_wconf 84' lang='lat' dir='ltr'>non</span> <span class='ocrx_word' id='word_1_362' title='bbox 1461 4169 1627 4252; x_wconf 84' lang='lat' dir='ltr'>sequitur,</span> <span class='ocrx_word' id='word_1_363' title='bbox 1647 4165 1782 4248; x_wconf 74' lang='lat' dir='ltr'>ubique</span> 
     </span>
     <span class='ocr_line' id='line_1_36' title="bbox 369 4261 1769 4359; baseline -0.003 -20"><span class='ocrx_word' id='word_1_364' title='bbox 369 4293 484 4340; x_wconf 81' lang='lat' dir='ltr'>casum</span> <span class='ocrx_word' id='word_1_365' title='bbox 503 4261 733 4343; x_wconf 83' lang='lat' dir='ltr'>omittendum</span> <span class='ocrx_word' id='word_1_366' title='bbox 753 4298 843 4358; x_wconf 77' lang='lat' dir='ltr'>esse3</span> <span class='ocrx_word' id='word_1_367' title='bbox 863 4277 1055 4341; x_wconf 88' lang='lat' dir='ltr'>nametiam</span> <span class='ocrx_word' id='word_1_368' title='bbox 1075 4277 1152 4359; x_wconf 85' lang='lat' dir='ltr'>lug.</span> <span class='ocrx_word' id='word_1_369' title='bbox 1167 4295 1238 4359; x_wconf 86' lang='lat' dir='ltr'>cap.</span> <span class='ocrx_word' id='word_1_370' title='bbox 1260 4275 1525 4359; x_wconf 75' lang='lat' dir='ltr'>13.eupraelio</span> <span class='ocrx_word' id='word_1_371' title='bbox 1548 4281 1663 4338; x_wconf 80' lang='lat' dir='ltr'>victus</span> <span class='ocrx_word' id='word_1_372' title='bbox 1678 4289 1769 4357; x_wconf 88' lang='lat' dir='ltr'>pro·</span> 
     </span>
     <span class='ocr_line' id='line_1_37' title="bbox 357 4375 1781 4474; baseline -0.006 -29"><span class='ocrx_word' id='word_1_373' title='bbox 357 4375 469 4474; x_wconf 81' lang='lat' dir='ltr'>sugit</span> <span class='ocrx_word' id='word_1_374' title='bbox 500 4384 602 4464; x_wconf 79' lang='lat' dir='ltr'>dixit3</span> <span class='ocrx_word' id='word_1_375' title='bbox 635 4405 749 4467; x_wconf 86' lang='lat' dir='ltr'>neque</span> <span class='ocrx_word' id='word_1_376' title='bbox 767 4382 885 4448; x_wconf 82' lang='lat' dir='ltr'>omnia</span> <span class='ocrx_word' id='word_1_377' title='bbox 902 4384 994 4449; x_wconf 86' lang='lat' dir='ltr'>inter</span> <span class='ocrx_word' id='word_1_378' title='bbox 1015 4381 1126 4446; x_wconf 82' lang='lat' dir='ltr'>lineas</span> <span class='ocrx_word' id='word_1_379' title='bbox 1141 4380 1267 4468; x_wconf 88' lang='lat' dir='ltr'>scripta</span> <span class='ocrx_word' id='word_1_380' title='bbox 1286 4402 1351 4469; x_wconf 90' lang='lat' dir='ltr'>pro</span> <span class='ocrx_word' id='word_1_381' title='bbox 1365 4380 1487 4468; x_wconf 82' lang='lat' dir='ltr'>glossis</span> <span class='ocrx_word' id='word_1_382' title='bbox 1507 4379 1669 4446; x_wconf 80' lang='lat' dir='ltr'>habenda</span> <span class='ocrx_word' id='word_1_383' title='bbox 1687 4379 1781 4443; x_wconf 90' lang='lat' dir='ltr'>sunt.</span> 
     </span>
    </p>
   </div>
   <div class='ocr_carea' id='block_1_7' title="bbox 0 0 2058 4974">
    <p class='ocr_par' dir='ltr' id='par_1_7' title="bbox 0 0 2058 4974">
     <span class='ocr_line' id='line_1_38' title="bbox 0 0 2058 4974; baseline 0 0"><span class='ocrx_word' id='word_1_384' title='bbox 0 0 2058 4974; x_wconf 95' lang='lat' dir='ltr'> </span> 
     </span>
    </p>
   </div>
  </div>
 </body>
</html>
