4116 4970
377 423 424 476 22

375 617 452 684 ger.
471 593 526 662 At
535 613 580 658 ec
591 575 744 658 Salustii
757 583 936 656 sententia
951 584 1049 654 nihil
1061 583 1155 652 demi
1169 584 1247 651 sine
1267 583 1484 654 detrimento
1505 608 1630 654 sensus
1646 597 1781 674 potest.

377 705 418 764 Et
436 703 525 764 hanc
539 701 680 782 quidem
700 697 899 762 Salustianae
920 695 1282 778 orationisvirtutem,
1301 695 1445 779 plurimi
1453 703 1608 760 auctores
1616 695 1782 778 certatim,

378 805 545 870 aliusalio
556 802 760 889 elegantius,
772 801 930 866 maximis
948 801 1108 864 laudibus
1123 799 1307 862 celebrant.
1326 801 1435 862 Aulus
1445 799 1535 862 Gell.
1552 803 1610 882 (N.
1620 801 1725 864 A.111.
1738 801 1780 883 r.)

377 931 457 976 eum
477 903 750 974 subtilissimum
775 902 961 970 brevitatis
982 902 1160 990 artpicem
1181 905 1276 967 dicit.
1297 904 1533 988 Quintilianus
1553 905 1664 991 (lnstt.
1687 907 1782 970 Rhe·

378 1025 442 1080 tor.
456 1017 496 1078 V.
517 1013 568 1096 1.)
590 1014 627 1074 in
642 1015 785 1076 eandem
808 1011 878 1075 lere
898 1010 1114 1074 senteutiam.
1147 1011 1274 1092 Neque
1294 1006 1361 1072 illa
1385 1007 1596 1073 Salustium
1617 1007 1781 1094 brevitas,

379 1141 452 1202 qua
472 1114 569 1182 nibil
586 1118 687 1200 apud
704 1138 813 1180 aures
831 1137 967 1179 vacuas
997 1123 1110 1196 atque
1139 1112 1301 1178 eruditas
1317 1121 1442 1196 potest
1470 1134 1543 1178 esse
1559 1107 1780 1204 perfectius,

380 1223 482 1306 apud
503 1231 722 1304 occupatum
753 1217 863 1283 variis
890 1214 1197 1301 explicationibus
1208 1215 1373 1308 judicem
1394 1227 1430 1282 et
1449 1215 1593 1301 saepius
1619 1214 1782 1282 inerudi-

377 1336 456 1390 tum
491 1327 676 1409 captanda
698 1333 750 1388 est
770 1321 885 1388 nobis.
925 1326 1089 1404 Idemque
1109 1323 1180 1386 alio
1201 1325 1289 1388 loeo.
1310 1325 1366 1388 IV.
1389 1344 1417 1386 r.
1449 1321 1614 1388 Vitanda
1634 1318 1701 1404 illa
1714 1325 1782 1388 Sa-

379 1429 565 1512 lustiana,
595 1451 805 1512 quanquam
828 1425 967 1511 inipso
996 1425 1141 1491 virtutis
1158 1430 1279 1492 locum
1305 1425 1463 1512 obtinet,
1491 1427 1649 1492 brevitas
1664 1436 1699 1490 et
1717 1427 1781 1490 ab·

376 1544 530 1620 ruptum
550 1531 727 1598 sermonis
746 1553 881 1619 genus,
904 1534 1003 1615 quod
1022 1529 1180 1596 otiosum
1191 1526 1363 1623 sortasse
1384 1534 1556 1597 lectorem
1573 1527 1781 1620 minussal·

381 1637 444 1724 lit,
465 1638 671 1704 audientem
694 1640 916 1719 transvolat,
939 1659 1004 1701 nec
1026 1635 1109 1700 dum
1131 1645 1348 1720 repetatur,
1371 1645 1568 1720 exspectat.
1601 1636 1681 1700 Alio
1702 1637 1778 1700 loco

376 1747 417 1809 Χ.
439 1766 467 1810 ι.
496 1748 648 1808 Eandem
669 1741 913 1808 immortalem
936 1740 1038 1806 illam
1068 1739 1220 1810 Salustii
1247 1743 1472 1806 velocitatem
1503 1739 1597 1804 dicit.
1628 1741 1779 1804 Macroh.

378 1851 572 1934 (Saturnal.
585 1853 626 1914 V.
643 1849 690 1932 ι.)
711 1849 873 1912 similiter
892 1848 1064 1930 disputat:
1086 1854 1249 1928 quatuor
1266 1855 1354 1909 sunt
1373 1867 1510 1933 genera
1531 1841 1677 1909 dicendi
1686 1869 1698 1908 .·
1720 1867 1780 1912 co·

375 1952 540 2038 piorum,
563 1951 601 2017 in
624 1975 695 2036 quo
717 1953 847 2019 Cicero
871 1950 1104 2034 dominatur,
1126 1950 1242 2034 breve,
1262 1954 1301 2012 in
1328 1970 1399 2034 quo
1420 1946 1604 2014 Salustius
1623 1959 1779 2038 regnat,

377 2065 438 2123 etc.
479 2059 591 2122 Etiam
625 2057 789 2122 Sidonius
819 2057 1031 2143 Apollinaris
1055 2059 1153 2120 hanc
1177 2055 1355 2140 propriam
1375 2055 1516 2118 Salustii
1545 2055 1682 2120 laudem
1708 2075 1779 2122 esse

376 2164 461 2227 dicit
492 2163 576 2248 (cir.
596 2163 636 2226 in
656 2163 828 2249 Panegyri
855 2163 1034 2226 Anthemii
1053 2162 1208 2247 Augusti.
1236 2181 1284 2224 vs.
1308 2181 1377 2242 ¹9⁰·
1396 2161 1497 2244 seq),
1526 2183 1599 2244 qua
1629 2156 1780 2244 Crispus

381 2266 555 2332 brevitate
562 2270 707 2352 placet,
729 2289 799 2352 quo
803 2271 966 2352 pondere
976 2270 1118 2350 Varro,
1142 2288 1213 2351 quo
1226 2263 1334 2356 genio
1350 2269 1510 2332 Plautus
1520 2306 1531 2349 ,
1553 2262 1782 2353 quostumine

286 2437 288 2440 .
377 2370 652 2457 Quintilianus,
679 2395 752 2455 qua
775 2395 913 2457 pompa
940 2371 1091 2437 Tacitus
1111 2392 1299 2453 nunquam
1326 2369 1406 2434 sine
1425 2370 1533 2435 laude
1552 2371 1751 2452 loquendas
1764 2392 1780 2446 ‚⁰

376 2476 437 2540 elr.
458 2478 562 2541 etiam
594 2477 695 2540 Statii
715 2479 797 2543 Silv.
817 2479 893 2542 Lib.
912 2482 971 2544 IV.
992 2501 1021 2561 7.
1042 2481 1106 2542 sub
1133 2477 1193 2542 fin.
1230 2479 1292 2543 ubi
1321 2477 1488 2540 Salustius
1510 2471 1621 2540 brevis
1641 2474 1780 2538 dicitur.

376 2581 488 2658 Hujus
507 2582 650 2661 quidem
667 2580 805 2644 virtutis
826 2583 998 2665 originem
1025 2586 1154 2646 Seneca
1175 2584 1406 2665 Philosophus
1435 2585 1478 2644 ad
1506 2601 1637 2646 morem
1663 2565 1805 2646 saculi

378 2685 490 2752 relert.
533 2686 614 2769 (Ep.
637 2684 773 2766 CXIV.)
809 2679 971 2748 Salustio
1005 2682 1143 2771 vigente
1164 2694 1378 2768 amputatae
1397 2693 1599 2751 sententiae
1618 2695 1653 2749 et
1675 2685 1780 2750 verba

381 2801 469 2858 ante
489 2798 738 2873 exspectatum
759 2787 916 2854 cadentia
939 2798 973 2852 et
993 2791 1137 2852 obscura
1153 2790 1301 2853 brevitas
1317 2788 1414 2854 fuere
1428 2809 1491 2874 pm
1505 2792 1610 2854 cultu·
1635 2792 1701 2856 Sed
1717 2795 1781 2856 bac

377 2899 414 2961 in
436 2917 473 2962 re
494 2900 605 2960 minus
628 2905 718 2959 recte
740 2916 818 2959 eum
839 2893 966 2959 vidisse
985 2894 1199 2980 putaverim,
1220 2916 1296 2958 cum
1318 2896 1382 2959 alii
1395 2897 1498 2981 plane
1511 2898 1647 2962 diverso
1662 2899 1781 2963 dicen·

375 3003 413 3068 di
433 3022 557 3089 genere
578 3002 632 3068 usi
653 3001 791 3066 luerint.
824 3001 891 3064 Sed
913 3002 1004 3062 hanc
1024 3000 1134 3086 ipsam
1155 3003 1201 3064 ob
1223 3001 1424 3066 brevitatem
1438 3013 1527 3066 recte
1541 3003 1777 3087 Quintilianus

372 3108 523 3190 judicat,
544 3109 661 3190 (Instt.
682 3111 782 3172 Rhet.
803 3109 846 3170 11.
868 3105 920 3189 6.)
942 3107 1079 3170 Livium
1100 3129 1121 3170 a
1140 3107 1256 3192 pueris
1277 3109 1385 3194 magis
1405 3109 1589 3194 legendum
1604 3128 1707 3191 quam
1718 3110 1780 3172 Sa-

375 3211 534 3294 lustium,
556 3221 588 3274 et
609 3214 702 3273 hunc
722 3211 873 3274 historiae
895 3213 1035 3289 majoris
1056 3233 1127 3275 esse
1149 3225 1343 3298 auctorem,
1364 3217 1407 3276 ad
1429 3233 1530 3294 quem
1553 3213 1779 3278 tamenintel-

374 3317 555 3402 ligendum
570 3316 644 3393 Jam
663 3314 820 3398 proiectu
842 3333 927 3396 opus
948 3333 1029 3378 esse.
1068 3315 1135 3375 Sed
1156 3315 1194 3376 in
1216 3337 1283 3396 qua
1306 3337 1342 3379 re
1369 3317 1527 3382 historici
1546 3319 1655 3382 virtus
1675 3337 1778 3400 quam

376 3420 523 3483 maxime
542 3431 715 3503 versatur,
744 3419 848 3484 iidem
880 3419 979 3502 dico,
1010 3420 1100 3482 hanc
1123 3441 1260 3502 quoque
1281 3421 1418 3486 laudem
1438 3423 1587 3487 Saluslio
1609 3424 1779 3487 tribuunt.

377 3525 438 3592 etr.
456 3525 599 3591 Vibium
617 3525 834 3604 sequestrem
853 3524 930 3586 Lib.
951 3525 994 3585 de
1017 3523 1226 3587 fluminibus.
1271 3527 1340 3588 Ubi
1360 3529 1527 3592 Salustius
1547 3537 1682 3593 auctor
1703 3550 1778 3592 cer-

376 3627 536 3696 tissimus
557 3629 694 3693 dicitur.
715 3632 830 3693 Festus
850 3627 999 3693 Avienus
1021 3627 1058 3690 in
1083 3629 1152 3692 Ora
1172 3630 1344 3694 maritima
1356 3651 1401 3694 vs.
1424 3637 1463 3695 32
1484 3652 1553 3714 sq.,
1573 3635 1646 3702 baec
1667 3636 1709 3698 de
1718 3634 1777 3704 su-

375 3737 478 3800 lustio
499 3736 618 3801 canit:

496 3836 764 3930 interrogasti,
785 3837 820 3905 si
839 3851 957 3925 tenes,
977 3835 1160 3908 Maeotici

496 3944 596 4009 Situs
617 3945 698 4028 quis
718 3955 808 4012 esset
829 3949 1017 4029 aequoris,
1037 3943 1238 4010 Salustium

497 4051 640 4116 Noram
664 4049 704 4112 id
722 4047 871 4133 dedisse,
896 4047 996 4114 dicta
1018 4061 1052 4114 et
1074 4049 1152 4139 ejus
1173 4047 1337 4114 omnibus

496 4149 783 4245 Praejudicatae
803 4150 1043 4218 auctoritatis
1064 4155 1204 4237 ducier,

495 4263 583 4326 Nou
606 4256 833 4332 obtinebam
863 4259 915 4320 ad
931 4255 1008 4349 ejus
1030 4255 1147 4346 igitur
1168 4256 1343 4348 inclytam
