4106 4974
394 361 470 450 adt

394 539 585 618 Putsehius.
606 561 718 628 neque
737 541 768 609 si
787 541 959 626 abessent,
978 541 1051 608 haro
1071 540 1327 608 desideraveris.
1356 545 1416 609 sed
1437 553 1580 629 possunt
1594 549 1712 614 addita
1724 497 1798 620 esse

393 675 457 750 per
477 651 694 739 epexegesin,
723 656 762 714 ut
781 647 819 714 id
837 647 876 713 in
896 646 1100 714 memoriam
1120 657 1316 733 revocaret,
1336 651 1431 732 quod
1463 652 1613 718 marimo
1635 656 1799 740 prasidio

393 761 463 828 sihi
483 759 557 824 lore
576 757 727 842 putabat.
766 754 805 818 id
834 757 928 839 quod
956 756 1000 818 ab
1030 754 1174 841 ingenio
1199 753 1355 819 hominis
1383 754 1502 841 ignari
1521 766 1624 841 atque
1646 759 1799 832 imbellis

393 887 466 936 uon
486 867 658 931 abhorret.
676 861 758 926 ride
776 879 880 946 supra
898 879 971 944 cap.
988 863 1036 924 13.
1063 863 1178 944 Ipsum
1199 860 1367 926 orationis
1388 881 1570 928 numerum
1598 869 1694 948 quod
1719 869 1798 934 atti·

391 981 471 1056 net,
490 969 546 1036 his
564 965 690 1040 additis
709 967 804 1032 haud
825 965 931 1032 dubie
951 965 1062 1032 multo
1081 963 1221 1050 plenior
1246 975 1349 1049 atque
1377 955 1582 1035 concinnior
1601 979 1670 1056 est,
1691 991 1796 1055 quare

390 1069 464 1146 hec
483 1074 568 1142 terri
586 1091 687 1161 posse
706 1091 839 1144 censeo.
857 1072 924 1135 sed
938 1065 975 1137 si
991 1071 1043 1136 ad
1060 1065 1277 1154 impetranti.
1296 1071 1500 1152 conjunctio
1521 1094 1542 1137 a
1561 1074 1715 1142 librariis
1734 1079 1796 1140 ad-

391 1183 478 1261 dita,
503 1181 566 1266 qui
585 1180 657 1246 rim
678 1177 837 1264 asyndeti
858 1197 929 1243 non
948 1176 1202 1242 intellexerunt.
1233 1171 1472 1267 deformata
1500 1179 1575 1246 Lir.
1589 1181 1643 1244 38.
1662 1185 1714 1250 53.
1746 1185 1796 1248 le·

388 1283 494 1378 gotio
516 1281 815 1380 deformatafild
833 1305 931 1348 casu.
951 1282 1076 1346 Justin.
1092 1303 1122 1364 7.
1134 1287 1164 1346 3.
1195 1303 1242 1348 ne
1262 1277 1395 1364 ubique
1413 1278 1590 1373 deformis
1594 1281 1679 1372 filit
1696 1287 1795 1352 dam·

393 1389 451 1458 nis
470 1391 678 1460 haberetur.
701 1390 772 1454 Cic.
792 1407 857 1474 pro
875 1389 972 1454 Sulla
994 1390 1043 1452 26.
1064 1409 1159 1470 quae·
1178 1383 1233 1452 ita
1254 1408 1278 1450 a
1289 1381 1458 1478 fortuna
1478 1385 1687 1478 deformata
1706 1399 1796 1458 sunt

392 1507 456 1568 etc.
477 1517 665 1564 aerumna.
685 1498 772 1560 Fest.
790 1496 947 1572 ,labores
967 1494 1125 1579 onerosi,
1145 1491 1329 1578 molestia,
1350 1491 1499 1558 miseria.
1520 1493 1589 1558 Cic.
1607 1495 1705 1564 Tuae.
1726 1497 1793 1572 48.
1835 1539 1839 1554 .

391 1622 581 1685 aerumna,
606 1599 800 1690 aegritudo
829 1597 1026 1666 laboriosa.
1055 1598 1094 1664 id
1114 1601 1158 1662 de
1175 1599 1250 1663 Fin.
1268 1615 1298 1664 a.
1314 1597 1373 1662 fin.
1393 1595 1572 1666 Herculis
1598 1621 1795 1666 aerumnas

385 1707 540 1793 perpeti.
566 1706 621 1771 sic
662 1704 757 1772 enim
776 1703 937 1801 majores
957 1701 1081 1772 nostri
1098 1702 1243 1770 iabores
1268 1724 1344 1770 non
1354 1697 1557 1794 fugiendos
1577 1699 1792 1772 tristusimtt

388 1821 512 1878 tomen
532 1811 635 1878 verbo
656 1832 852 1876 aerumnas
873 1807 986 1876 etium
1006 1806 1046 1875 in
1068 1811 1133 1876 deo
1159 1804 1452 1876 nominaverunt.
1473 1807 1624 1891 antiquis
1641 1809 1791 1876 maxime

386 1917 612 2002 scriptoribus
631 1919 705 1982 hnc
730 1936 798 1980 vox
824 1915 960 1980 usitata.
989 1915 1070 1990 ride
1089 1914 1222 1980 Lexica.
1246 1915 1335 1998 poti
1350 1951 1394 1968 -·
1417 1933 1587 1978 erescere.
1625 1913 1793 1986 hocloco

387 2023 523 2088 (lortius
532 2021 758 2088 audacissime
778 2021 860 2108 egit,
880 2020 1010 2105 quippe
1030 2019 1092 2103 qui
1106 2017 1319 2104 illudeiecit,
1338 2027 1373 2084 et
1386 2019 1453 2084 hoc
1465 2017 1504 2082 in
1519 2027 1697 2084 cresceret
1713 2041 1790 2084 rnu-

386 2128 484 2214 tavit,
504 2127 792 2211 durissimamque
819 2127 1005 2192 verborum
1024 2133 1229 2191 structuram
1246 2118 1366 2192 effecit.
1385 2122 1557 2190 Peculiari
1574 2123 1717 2206 quidem
1734 2144 1791 2190 ex-

388 2255 489 2298 cursu
509 2235 599 2298 hanc
620 2234 851 2314 conjecturam
864 2231 1038 2317 defendit,
1057 2235 1118 2298 sed
1132 2230 1278 2306 nemini,
1291 2233 1411 2315 credo,
1432 2248 1508 2294 eam
1522 2228 1699 2314 persuasit.
1713 2231 1790 2294 Jam

385 2341 453 2404 hoo
473 2339 654 2404 nonnullis
673 2339 903 2425 suspicionem
924 2338 1087 2424 moverit,
1106 2340 1201 2422 quod
1215 2334 1386 2420 triplicem
1399 2333 1609 2402 emendandi
1622 2334 1792 2400 rationem

385 2445 588 2530 proposuit;
611 2447 672 2510 sed
692 2466 769 2509 cum
790 2443 966 2528 prioribus
987 2429 1063 2529 ipse
1082 2463 1154 2508 nou
1176 2441 1401 2527 acquieverit,
1427 2442 1537 2507 solam
1558 2439 1695 2508 tertiam
1714 2461 1792 2508 exa·

387 2549 566 2612 minemus.
598 2552 675 2612 Non
694 2549 871 2614 insolitam
891 2549 1041 2613 salustio
1062 2569 1134 2614 esse
1157 2552 1248 2613 hane
1274 2549 1458 2628 verborum
1483 2547 1792 2620 structuram'looa

387 2671 409 2716 a
430 2650 548 2716 conto
567 2652 706 2715 laudata
726 2653 961 2735 comprobant.
983 2651 1044 2716 etr.
1063 2653 1151 2718 Hist.
1171 2655 1305 2740 Fragm.
1327 2673 1353 2717 1.
1374 2651 1435 2726 Or.
1452 2652 1585 2737 Lepidi.
1605 2649 1793 2734 namquid

386 2780 411 2824 a
430 2757 598 2849 Pyrrho,
617 2755 833 2826 Hannibale
842 2752 1085 2840 Philippoque
1105 2765 1143 2822 et
1169 2757 1357 2824 Antiocho
1387 2752 1572 2848 desonam
1592 2763 1647 2822 est
1666 2752 1789 2840 aliud,

387 2885 505 2959 ,paam
526 2861 678 2929 libertas
698 2871 734 2928 et
753 2855 982 2945 suaeauipue
1000 2862 1118 2942 sedes3
1138 2883 1208 2926 neu
1229 2859 1293 2928 cui
1308 2857 1383 2928 nisi
1401 2859 1538 2954 legibus
1545 2857 1790 2946 pareremus?

385 2973 468 3038 item
488 2970 576 3036 Hist.
596 2975 626 3036 3.
647 2970 743 3046 Orat,
765 2968 875 3034 Licin.
896 2976 933 3034 et
949 2963 984 3032 si
992 2963 1240 3052 peremaeiter
1259 2966 1491 3054 retinebunt,
1512 2987 1587 3032 non
1602 2989 1710 3032 arma
1726 2988 1790 3032 ne-

386 3099 454 3159 que
473 3073 728 3161 secessionem,
751 3082 899 3164 tantum
924 3095 971 3138 ne
996 3075 1154 3160 amplius
1168 3067 1382 3164 sanguinem
1408 3083 1562 3139 vestrum
1578 3066 1788 3157 praebeatis

1814 2937 1840 2985 Χ

383 3201 521 3248 censeo.
539 3184 617 3269 Jug.
633 3201 684 3263 ²9.
711 3204 838 3265 pauca
859 3185 1005 3248 locutus
1026 3181 1069 3244 de
1086 3175 1223 3244 invidia
1233 3174 1356 3269 facti,
1379 3189 1491 3264 atque
1510 3175 1569 3244 uti
1581 3175 1620 3245 in
1634 3174 1788 3242 deditio·

383 3309 464 3354 nem
485 3283 725 3372 cooperetur.
768 3290 840 3351 lmo
866 3287 935 3370 ipsi
962 3285 1086 3370 sepius
1115 3284 1326 3369 notavimus,
1351 3284 1492 3350 Salustii
1510 3283 1662 3348 studium
1682 3301 1787 3364 quam

383 3394 574 3478 plurimum
594 3393 633 3457 in
653 3395 719 3458 hec
736 3414 773 3458 re
794 3393 941 3477 versari,
961 3400 999 3456 ut
1019 3390 1058 3454 in
1079 3389 1248 3475 oppositis
1268 3389 1436 3456 orationis
1453 3390 1613 3455 habitum
1626 3391 1788 3455 immute-
1814 3473 1819 3482 ‚

383 3504 446 3564 ret.
474 3497 542 3562 Sed
561 3497 617 3561 his
637 3499 798 3561 omnibus
819 3505 976 3563 constans
994 3496 1151 3576 omnium
1171 3497 1344 3561 lib‘rorum
1364 3495 1468 3562 lectio
1492 3515 1562 3560 non
1582 3493 1785 3560 infirmatur.

264 3680 272 3694 ‚
384 3621 466 3666 nem
487 3603 584 3685 quod
602 3619 692 3666 unus
705 3599 814 3664 Cortii
832 3599 1018 3686 liberpeti
1034 3603 1175 3668 nonnisi
1194 3603 1233 3665 in
1253 3602 1408 3688 margine
1426 3602 1550 3684 habet,
1568 3601 1786 3686 hincpttrum

384 3708 597 3774 considerate
618 3705 777 3794 colligas,
798 3707 840 3769 ab
862 3705 937 3792 ipso
958 3719 1098 3776 auctore
1116 3712 1184 3773 hoc
1202 3709 1346 3772 verbum
1360 3707 1464 3776 tuisse
1477 3706 1653 3776 omissum.
1673 3725 1787 3789 neque

384 3811 473 3876 mihi
481 3814 713 3898 satisfaciunt,
733 3811 979 3898 quaelaudavit,
992 3823 1031 3878 ut
1050 3835 1151 3879 usum
1171 3815 1338 3879 rariorem
1358 3812 1535 3898 particulae
1555 3811 1786 3896 nepueerpli·

381 3923 485 3991 naret.
505 3911 620 3982 aliena
639 3919 734 3983 enim
755 3917 921 3983 confudit.
941 3919 1042 3984 Solus
1058 3920 1473 4004 Liviilocusquadratat,
1489 3923 1528 3984 d:
1543 3915 1786 4002 persuadent,

381 4031 425 4090 ut
445 4019 596 4091 traduci
612 4043 651 4088 se
669 4019 708 4087 in
727 4025 870 4090 Locros
880 4032 1118 4109 paterentur,
1137 4045 1202 4090 nee
1224 4019 1358 4088 ultima
1380 4019 1542 4108 experiri
1559 4024 1698 4088 vellent.
1718 4021 1786 4086 Sed

380 4131 532 4216 primum
550 4128 757 4213 ridendum,
776 4148 823 4191 an
841 4127 945 4192 lectio
965 4131 1046 4198 satis
1064 4131 1164 4196 firma
1182 4130 1247 4213 sit,
1267 4137 1341 4192 tum
1362 4129 1444 4192 talia
1462 4129 1539 4194 loca
1557 4126 1701 4208 quidem
1722 4143 1787 4190 no·

381 4241 509 4324 tanda,
533 4231 599 4306 'aed
617 4255 682 4324 per
700 4232 932 4316 conjecturam
951 4235 1024 4300 hec
1035 4232 1277 4320 scriptoribus.
1293 4235 1496 4318 obtrudere,
1527 4229 1617 4296 mihi
1641 4231 1786 4316 quidem
