4108 4976
407 401 478 474 ὅιι

407 596 499 662 Mea
508 615 538 676 7.
547 612 618 658 om.
627 609 816 678 perperam.
825 589 967 655 deserta
977 605 1045 652 om.
1055 588 1156 656 Taur.
1165 581 1333 672 corrupit
1342 589 1435 655 delet
1454 588 1813 673 Eiehutrumquetal·

407 721 494 766 sum.
516 699 620 763 troad
634 718 736 763 secus
757 689 939 780 difficilem
952 691 976 758 i.
990 712 1020 758 e.
1032 697 1092 758 sed
1105 703 1140 760 ct
1152 695 1262 781 ipsam
1275 691 1463 762 difficilem.
1477 697 1582 762 haud
1589 717 1692 762 secus
1705 695 1814 782 igitur

406 809 473 872 hoc
493 803 572 870 loco
593 823 665 866 non
684 805 789 888 plane
799 808 849 865 est
867 800 971 884 idem,
987 801 1096 883 quod:
1117 797 1354 865 laudaliter.
1374 806 1435 868 sed
1445 823 1547 890 supra
1559 823 1632 888 cap.
1641 823 1691 884 79.
1711 801 1816 867 haud
1925 861 1927 868 .

406 931 509 976 secus
539 917 652 992 atque
679 908 718 972 in
749 901 848 972 mari
874 926 939 992 pro
963 900 1189 990 parimodo
1215 904 1346 974 dictum
1371 917 1572 994 erumpe
1603 905 1810 974 consistere.

406 1014 608 1080 Taurinens.
635 1033 712 1097 quar
740 1014 836 1076 haud
864 1010 1073 1098 negligenda
1099 1009 1256 1081 varietas.
1280 1017 1341 1078 sed
1366 1035 1457 1100 opus
1476 1036 1541 1102 pro
1561 1013 1750 1097 machinis,
1777 1017 1811 1078 et

408 1119 556 1186 maxime
571 1118 683 1184 vineis
703 1116 849 1198 dictum3
870 1117 949 1182 vide
971 1119 1049 1182 loca
1069 1117 1223 1198 aCortio
1237 1117 1387 1186 laudata.
1407 1125 1487 1188 Cas.
1500 1127 1536 1190 Β.
1548 1124 1588 1185 G·
1603 1143 1633 1206 7.
1646 1137 1695 1202 ι4.
1715 1120 1811 1184 Auct.

405 1231 440 1291 B.
458 1225 562 1292 Atrio.
584 1229 621 1292 51
644 1231 678 1292 et
695 1227 745 1290 52.
776 1219 923 1289 interim
946 1244 1054 1309 pars,
1075 1220 1156 1289 acie
1175 1233 1263 1291 ante
1282 1247 1373 1312 opus
1393 1223 1600 1311 instructa,
1620 1223 1686 1294 snb
1708 1223 1811 1291 hoste

403 1333 538 1398 stabat.
571 1361 574 1372 =
1548 1341 1552 1349 '

488 1441 572 1523 Cap.
590 1437 707 1500 XCIII.
736 1433 883 1499 trahere
901 1453 984 1498 cum
1004 1432 1129 1500 animo
1156 1456 1235 1502 suo.
1264 1436 1345 1502 vide
1371 1435 1463 1501 inira
1478 1457 1529 1518 97.
1557 1431 1705 1503 dubium
1726 1429 1812 1499 belli

406 1554 517 1628 atque
529 1537 639 1626 pacis
657 1535 824 1604 rationes
844 1537 998 1603 trahere
1017 1557 1121 1625 supra
1139 1543 1188 1604 86.
1210 1537 1287 1606 alio
1308 1538 1561 1631 hujuscemodi
1579 1535 1712 1608 animis
1731 1547 1810 1603 tro-

405 1649 550 1714 hebant.
571 1649 633 1710 sed
652 1647 779 1708 horum
796 1641 966 1727 locorum,
983 1645 1140 1725 quamvis
1155 1645 1225 1710 sint
1244 1645 1390 1731 similia,
1410 1668 1483 1712 non
1499 1667 1540 1712 ea
1556 1655 1606 1712 est
1618 1644 1813 1723 auctoritas,

406 1763 446 1819 ut
472 1771 664 1840 pronomen
691 1769 759 1814 sno
788 1747 975 1812 delendum
1002 1769 1074 1814 esse
1094 1759 1202 1837 putes.
1232 1750 1301 1814 alia
1322 1751 1416 1817 enim
1430 1759 1606 1817 structura.
1626 1771 1713 1814 usus
1722 1744 1813 1840 sne·

409 1867 483 1926 rat.
503 1860 592 1924 Flor.
610 1878 637 1919 ι.
663 1851 774 1920 Berol.
789 1863 818 1917 t.
840 1856 940 1918 Barb.
962 1857 991 1919 5.
1020 1853 1115 1925 Eich.
1136 1859 1215 1926 Vat.
1231 1880 1258 1922 ι.
1271 1873 1300 1920 ι.
1313 1871 1345 1934 4.
1358 1861 1387 1928 3,
1418 1856 1543 1920 Mimo.
1571 1862 1661 1922 erat.
1680 1856 1766 1919 Ven.
1779 1857 1810 1916 8.

337 2025 339 2030 .
406 1969 467 2032 sed
486 1964 614 2030 rectius
630 1961 812 2026 omittitur.
842 1967 1049 2044 noctesque.
1070 1984 1139 2044 que
1159 1983 1226 2028 om.
1243 1964 1328 2031 Ven.
1340 1978 1370 2040 4.
1392 1971 1576 2027 aestuans.
1597 1959 1658 2024 cfr.
1674 1962 1748 2024 eat.
1762 1973 1811 2036 ι4.

406 2070 601 2144 aestuabat
620 2061 766 2132 invidio.
798 2066 883 2150 Epp.
904 2087 932 2128 ι.
953 2067 996 2130 de
1015 2067 1193 2150 Rep.0rd.
1211 2089 1240 2150 7.
1254 2065 1381 2152 primo
1401 2075 1549 2134 aestuat
1570 2066 1759 2150 multaque
1771 2065 1811 2127 in

351 2185 353 2188 ’
403 2184 555 2263 pectore
571 2169 694 2240 ooloit.
723 2171 845 2236 Catull.
862 2173 913 2239 62.
930 2187 982 2252 47.
1013 2169 1138 2238 animo
1159 2181 1361 2242 aestuante.
1382 2173 1449 2238 Cic.
1470 2193 1535 2258 pro
1554 2172 1684 2236 Flacco.
1697 2190 1747 2233 ro.
1768 2172 1812 2234 de

406 2285 555 2367 Hannp.
574 2283 674 2365 Resp.
690 2301 717 2342 ι.
739 2281 782 2342 dc
801 2280 885 2341 Fato
895 2278 926 2339 8.
953 2278 1084 2362 Epp.7.
1101 2279 1149 2340 18.
1182 2279 1227 2342 ab
1249 2275 1425 2345 desiderio
1444 2275 1568 2344 nostri
1585 2285 1757 2342 aestuare
1776 2283 1812 2340 te

400 2387 795 2474 putarem-cocleas.
815 2383 864 2447 ita
874 2403 994 2447 omnes
1007 2383 1079 2449 fere
1099 2387 1204 2450 codd.
1216 2407 1324 2470 quom
1342 2407 1464 2450 unam.
1475 2385 1567 2449 Med.
1580 2405 1609 2466 7.
1624 2375 1811 2466 paulatim

402 2516 528 2580 prope.
543 2514 662 2578 prope
680 2512 749 2561 om.
760 2491 854 2554 Eich.
873 2487 1109 2558 solitudinem
1130 2488 1325 2559 intellexit.
1343 2492 1393 2556 ita
1406 2511 1525 2557 omnes
1545 2491 1617 2556 sere
1634 2488 1728 2554 libri.
1749 2508 1813 2552 cu·

401 2600 491 2686 pido
512 2593 677 2682 difficilia
688 2590 870 2686 faciundi
887 2593 1184 2667 animumocrtit.
1205 2597 1254 2661 ita
1273 2598 1379 2684 longe
1391 2596 1536 2682 plurimi
1550 2615 1591 2661 ex
1602 2596 1691 2660 ltall.
1704 2593 1811 2664 codd.

406 2728 440 2776 v.
462 2726 490 2769 c.
510 2705 587 2776 Vnt,
602 2706 631 2764 3.
653 2703 743 2769 Med.
759 2721 787 2764 ι.
808 2699 894 2762 Min.
910 2721 936 2760 ι.
958 2702 1042 2766 Veu.
1058 2718 1088 2777 4.
1108 2699 1275 2767 advertit.
1306 2704 1397 2767 Med.
1412 2725 1441 2786 7.
1455 2705 1484 2765 8.
1499 2725 1528 2784 9.
1549 2705 1629 2769 Ven.
1645 2711 1672 2770 3.
1691 2703 1764 2767 Vat.
1780 2718 1809 2761 1.

407 2829 438 2876 ι.
460 2803 730 2876 anirnadvertit.
756 2805 847 2868 Flor.
862 2827 889 2868 ι.
907 2805 1008 2868 Taur.
1037 2799 1201 2869 animum
1222 2805 1411 2874 convenit.
1432 2811 1523 2874 Med.
1542 2811 1570 2874 5.
1590 2809 1675 2876 Van.
1689 2823 1718 2874 ι.
1740 2798 1814 2896 dis·

390 2913 519 3001 fioilia
539 2907 816 3004 adfaciendunr
838 2908 1000 2976 animum
1022 2905 1190 2977 intendit.
1212 2915 1304 2979 Med.
1318 2935 1365 2978 ιο.
1395 2911 1507 2986 anim.
1528 2908 1701 2980 incendit.
1721 2912 1813 2976 Med.

405 3016 733 3089 n.acccndit.Ven.
744 3040 771 3082 1.
780 3021 929 3094 Vetti.
938 3013 1169 3087 invaditvst.
1178 3017 1813 3106 5.ExtantaCodd.discrepautiarccte

405 3129 565 3214 colligas,
594 3127 800 3191 insolentius
817 3124 962 3209 aliquod
982 3125 1113 3190 dictum
1132 3127 1188 3191 his
1208 3127 1247 3191 in
1265 3129 1380 3194 verbis
1404 3129 1519 3196 latere.
1562 3131 1639 3192 lam
1658 3129 1688 3193 si
1706 3124 1814 3210 scrip-

405 3241 479 3298 tum
494 3233 621 3316 iuerat,
641 3235 736 3314 quod
758 3231 900 3296 eortius·
910 3232 1055 3316 recepit,
1074 3230 1224 3319 invadit,
1243 3234 1301 3300 vix
1322 3235 1361 3300 in
1381 3244 1451 3301 tam
1465 3234 1577 3300 varias
1592 3229 1813 3299 librariidis·

405 3338 581 3404 cessissent
609 3335 804 3404 sententias.
829 3337 935 3402 etiam
957 3333 1120 3402 incendit
1146 3349 1180 3404 et
1207 3341 1376 3412 accendit
1394 3341 1476 3407 satis
1497 3341 1623 3406 usitata
1647 3347 1745 3424 sunt,
1765 3337 1814 3402 its

403 3442 680 3525 mexplicarione
701 3461 775 3504 non
795 3453 925 3528 egeant.
946 3447 1005 3510 sed
1031 3443 1194 3510 animum
1215 3443 1326 3514 vertit
1345 3469 1449 3530 quam
1463 3447 1610 3513 maxime
1622 3446 1814 3511 insolitum.

404 3565 510 3634 quam
539 3545 728 3608 dictionem
755 3554 795 3607 ut
830 3549 1040 3628 explicarent
1069 3550 1222 3631 primum
1257 3553 1362 3618 verba
1392 3554 1580 3639 composita
1614 3553 1814 3632 advertere,

404 3658 617 3722 convertere
633 3647 903 3731 substituebant,
921 3658 1000 3734 post
1016 3649 1085 3712 alia
1096 3650 1281 3736 fingebant.
1303 3653 1413 3722 anim.
1435 3655 1542 3724 vertit
1572 3656 1682 3745 igitur
1696 3675 1813 3722 veram

403 3760 591 3828 lectIonem
610 3763 715 3842 puto;
745 3753 877 3818 dictum
895 3775 959 3839 pro
980 3755 1053 3834 ejus
1070 3754 1225 3820 animum
1245 3759 1417 3849 implevit,
1450 3765 1559 3828 itaut
1579 3771 1669 3828 totus
1690 3763 1730 3827 in
1749 3763 1814 3826 hac

333 3935 337 3944 ,
402 3885 443 3932 re
460 3873 560 3947 esset,
590 3883 703 3947 neque
727 3857 947 3927 mutationis
966 3860 1083 3945 notio,
1112 3884 1189 3946 qua
1212 3867 1294 3930 huic
1313 3871 1419 3935 verbo
1447 3871 1559 3936 inesse
1578 3869 1682 3953 solet,
1709 3867 1814 3954 plane

403 3972 621 4060 negligenda.
641 3967 825 4034 vernacula
842 3967 963 4056 lingua
982 3967 1031 4032 ita
1050 3973 1265 4041 vertendum:
1284 3972 1341 4039 die
1366 3975 1552 4066 Begierde‚
1567 3977 1751 4042 Schwercs
1767 3991 1814 4036 ιιι

400 4077 642 4168 oollbringen,
661 4075 733 4165 gab
755 4069 888 4140 seinem
910 4071 1009 4138 Geist
1030 4077 1108 4140 eine
1129 4079 1246 4143 andr-e
1265 4080 1715 4171 Richtung.-panlulnm
1736 4097 1814 4143 mo·

404 4187 462 4252 do.
484 4187 575 4249 Med.
591 4206 618 4246 ι.
635 4199 663 4244 a.
680 4182 710 4244 8.
729 4203 759 4262 9.
780 4200 826 4243 ιι.
844 4181 940 4246 .Ven.
957 4203 984 4244 ι.
1004 4186 1031 4244 ³.
1052 4184 1129 4248 Vat.
1142 4187 1173 4246 8.
1201 4195 1338 4250 cuncta
1359 4184 1601 4276 gignentium.
1631 4186 1691 4252 cir.
1707 4203 1813 4269 supra

404 4312 431 4358 c.
452 4313 502 4375 79.
518 4283 725 4373 perscribit.
753 4285 885 4354 scilicet
905 4289 1032 4375 oculs,
1057 4287 1130 4356 sive
1148 4289 1265 4375 potius
1290 4289 1420 4358 animo.
1439 4295 1549 4360 multa
1568 4296 1813 4381 congesserunt
