4108 4976
374 372 447 448 286

372 587 469 636 emm
478 561 645 628 orationis
665 579 827 626 numerus
846 559 883 623 id
904 559 1063 644 postulat.
1079 578 1209 642 pacem
1225 577 1276 624 an
1290 556 1422 623 bellum
1436 578 1574 647 gerens.
1595 561 1674 628 vide
1686 563 1778 628 iutra

373 692 442 753 1⁰9·
454 691 587 754 pacem
609 666 810 732 entellum
831 660 1044 754 agitaturus
1055 661 1175 756 foret.

370 789 374 804 ⁴
453 779 534 860 Cap.
553 774 684 838 XLVII.
706 791 778 854 quo
788 772 972 838 Metellus
995 772 1131 836 Curtius
1151 772 1275 838 maluit
1294 795 1384 859 qua,
1405 775 1466 838 sed
1486 773 1590 853 talso;
1610 792 1690 838 nam
1698 796 1778 840 cum

372 883 620 952 substantivum
649 863 870 965 praecesserit,
905 899 987 968 qua
1006 887 1097 943 recte
1124 876 1262 944 dicitur.
1282 879 1370 944 dicat
1390 879 1531 964 aliquis,
1562 879 1666 944 etiam
1687 901 1777 964 qua·

372 1013 531 1074 cunque,
546 990 641 1072 quod
662 1008 736 1073 cap.
754 987 976 1050 antecedente
994 984 1158 1070 legimus,
1176 984 1279 1064 hujus
1294 985 1365 1049 Ioci
1380 985 1581 1050 auctoritate
1599 1005 1697 1069 posse
1715 990 1777 1052 de-

369 1096 484 1174 fendi,
503 1103 537 1161 et
554 1113 770 1178 quocunque
790 1111 854 1176 pro
872 1111 1089 1174 quacunque
1109 1109 1181 1154 esse
1200 1090 1362 1174 positum.
1382 1093 1443 1155 sed
1463 1091 1619 1176 exempla
1637 1095 1776 1177 desunt,

371 1211 405 1270 et
424 1221 522 1266 error
539 1199 763 1291 librariorum
784 1197 895 1262 facilis
914 1197 953 1262 in
975 1195 1078 1259 unius
1096 1195 1205 1260 literae
1224 1196 1487 1281 permutatione.
1533 1197 1659 1260 Vacca
1672 1198 1776 1264 etiam

368 1309 437 1372 hoc
461 1307 540 1372 Ioco
567 1305 718 1390 optimus
738 1303 884 1386 quisque
904 1301 996 1366 lih'er
1017 1301 1151 1366 retinet.
1171 1295 1306 1390 forum
1328 1300 1455 1365 dicitur
1471 1303 1580 1387 loeus,
1598 1301 1660 1364 ubi
1678 1301 1776 1381 judi·

370 1413 425 1476 cia
443 1413 616 1476 habentur
637 1419 671 1476 et
688 1429 741 1475 res
759 1409 896 1475 venales
914 1416 1168 1494 proponuntur.
1194 1405 1253 1469 cir.
1273 1407 1391 1492 Sigon.
1410 1409 1454 1472 de
1471 1408 1548 1470 Ant.
1568 1409 1651 1470 Iure
1668 1408 1777 1474 Italia

371 1521 467 1586 215.
488 1515 708 1582 celebratum
730 1515 754 1580 i.
773 1535 803 1580 e.
821 1515 1086 1597 frequentatum.
1103 1514 1177 1577 hac
1194 1511 1288 1576 enim
1307 1511 1449 1597 propria
1460 1510 1665 1597 significatio
1682 1515 1777 1579 vocis

368 1620 520 1700 'celetem
540 1620 737 1684 Cic.Partit.
748 1640 795 1684 ιο.
814 1621 906 1696 «Ioci
919 1619 1017 1703 plani
1034 1639 1080 1682 ιιιι
1101 1616 1294 1701 montuosi‚
1313 1619 1463 1682 celebres
1484 1637 1529 1680 an
1543 1619 1701 1686 deserti.>t
1715 1621 1777 1682 Ca-

335 1730 338 1738 ’
372 1729 458 1792 toll.
475 1727 517 1791 R.
531 1745 561 1787 ι.
582 1723 638 1788 via
659 1721 1215 1808 tonaretebrisqup.-tncotere
1236 1743 1314 1786 cum
1325 1723 1431 1786 ablat.
1449 1725 1554 1787 habes
1570 1722 1673 1786 etiam
1682 1727 1777 1808 apud

371 1832 480 1894 Plaut.
501 1834 590 1898 Rud.
605 1847 636 1906 4.
655 1852 683 1894 ι.
701 1847 730 1896 2.
771 1831 962 1913 Neptuno,
995 1825 1060 1912 qui
1085 1825 1194 1893 salsis
1213 1823 1306 1892 locis
1326 1823 1466 1893 incolit.
1487 1831 1561 1894 sine
1579 1849 1660 1892 casu
1679 1829 1786 1913 posi··

370 1945 445 2003 tum
462 1943 512 2002 est
534 1935 607 2000 Iiv.
623 1952 673 1997 ar.
689 1939 737 1998 3ι.
765 1932 927 1998 mercari
953 1934 977 1996 i.
1005 1955 1034 1998 e.
1060 1941 1284 1998 mercaturam
1306 1932 1428 2000 facere.
1474 1931 1607 1999 Italici
1622 1931 1776 2023 generis.

370 2041 431 2106 csr.
451 2041 540 2107 Hist.
561 2043 693 2126 Fragm.
709 2063 738 2102 ι.
752 2057 781 2102 a.
804 2039 901 2106 Cata
921 2035 1065 2129 generis
1077 2037 1240 2105 Romani
1258 2035 1525 2104 disertissimus.
1546 2039 1616 2102 Cic.
1626 2039 1776 2124 Philipp.

371 2161 400 2230 4.
421 2149 450 2210 5.
472 2145 586 2210 virtus
608 2153 662 2209 est
678 2141 836 2229 propriu
848 2139 1012 2210 Romani
1027 2141 1170 2233 generis
1191 2153 1303 2227 utque
1320 2141 1476 2209 seminis.
1496 2183 1538 2198 --
1559 2141 1670 2208 multi
1679 2165 1779 2210 mor·

372 2253 474 2315 tales.
500 2251 582 2316 vide
603 2254 648 2314 ad
669 2254 742 2318 Cat.
762 2273 790 2313 ι.
818 2250 889 2314 tue
910 2251 1061 2318 Consul.
1092 2250 1195 2314 multi
1212 2270 1252 2314 ex
1272 2250 1373 2315 libris
1393 2249 1520 2320 Italicis
1539 2247 1653 2316 Huic.
1683 2253 1777 2331 quod

371 2363 405 2422 et
425 2355 539 2441 ipsum
560 2355 643 2421 ferri
661 2363 782 2441 potest.
802 2354 882 2420 vide
903 2354 996 2420 infra
1016 2375 1088 2440 cap.
1102 2355 1151 2418 66.
1170 2356 1389 2440 Vacemus,
1410 2377 1481 2439 quo
1493 2357 1778 2438 Metellusprae-

370 2459 503 2526 sidium
526 2451 760 2545 imposuerat.
811 2463 878 2526 Sed
898 2460 988 2524 illud
1009 2461 1221 2546 optimorum
1240 2461 1411 2525 librorum
1432 2459 1634 2526 auctoritate
1654 2459 1780 2524 confir-

372 2573 494 2629 matur.
509 2564 622 2648 simut
642 2562 847 2650 temptandi
862 2563 992 2654 gratia
1012 2567 1037 2630 i.
1057 2587 1086 2630 e.
1114 2566 1248 2631 animos
1268 2565 1411 2629 illorum
1431 2547 1634 2650 explorandi
1654 2567 1778 2652 gratia,
1865 2577 1870 2586 ’

371 2689 417 2732 an
438 2669 572 2734 servitii
586 2654 710 2756 jugum
732 2692 752 2732 a
772 2672 939 2758 Romanis
958 2670 1025 2735 sibi
1046 2671 1247 2755 impositum
1261 2691 1371 2754 aequo
1383 2672 1499 2736 animo
1511 2671 1649 2736 ferrem.
1668 2668 1782 2736 simul

372 2795 440 2846 om.
461 2778 536 2840 Vat.
561 2779 590 2840 6.
619 2786 655 2840 et
673 2775 708 2840 si
719 2784 944 2861 paterentur
964 2776 988 2844 i.
1008 2796 1037 2840 e.
1059 2784 1092 2841 et
1112 2775 1143 2840 si
1160 2779 1347 2840 Vaccenses
1366 2776 1458 2840 nihil
1479 2786 1683 2842 recusarent.
1714 2798 1780 2861 ap·

367 2877 605 2966 portunitate
626 2877 708 2949 loci.
740 2883 810 2946 loci
832 2883 941 2969 igitur
959 2883 1198 2967 opportunitas
1224 2883 1332 2947 altera
1352 2902 1450 2946 causa
1470 2882 1556 2969 tuit,
1584 2904 1645 2947 cur
1663 2884 1780 2968 praesi-

373 2987 470 3052 dium
489 2987 569 3052 urbi
589 2987 767 3074 imponere
777 2990 937 3054 Metellus
957 2990 1143 3053 constituit.
1164 3011 1240 3073 quae
1259 2989 1405 3053 varietas
1431 2988 1695 3054 construcfionis
1720 2991 1781 3052 sa-

371 3094 530 3160 lustiauae
551 3095 702 3158 orationi
722 3096 825 3178 quam
846 3096 994 3160 maxime
1016 3095 1224 3161 convenIens
1244 3105 1303 3163 est.
1323 3105 1357 3161 et
1374 3092 1653 3178 opportunitate
1662 3115 1781 3160 veram

374 3215 444 3260 esse
464 3198 648 3262 lcctionem
670 3208 703 3263 et
725 3201 913 3264 multorum
934 3203 1106 3266 librorum
1130 3201 1344 3286 testimonia,
1364 3209 1399 3265 et
1415 3201 1560 3266 varietas
1580 3201 1616 3264 in
1630 3201 1781 3264 nonnul-

313 3337 319 3354 .
372 3299 417 3364 lis
436 3301 537 3365 libris
557 3303 675 3388 obvia,
696 3306 786 3367 Med.
800 3320 829 3382 4.
851 3325 898 3369 ιο.
908 3311 990 3370 Βοιι.
1004 3314 1165 3388 propter
1186 3303 1496 3392 opportunitatis,
1516 3305 1597 3370 satis
1610 3326 1781 3391 superque

374 3407 593 3469 demonstrat.
614 3406 798 3490 imposuit.
811 3407 1046 3498 frumentum
1069 3420 1104 3473 et
1126 3407 1222 3494 alia,
1254 3433 1346 3494 quae
1375 3412 1468 3476 bello
1490 3406 1718 3501 usuisorent
1737 3433 1779 3478 eo

308 3512 541 3594 portare,
574 3512 694 3572 ceteris
722 3514 856 3576 omissis
884 3519 974 3581 Med
989 3538 1019 3594 7
1042 3535 1117 3593 quse
1137 3516 1242 3578 lectio
1264 3517 1380 3580 nescio
1397 3537 1442 3582 an
1462 3525 1651 3582 ceterorum
1671 3516 1782 3580 libro-

314 3689 318 3695 ‚
373 3635 451 3678 rum
480 3611 685 3678 testimoniis
704 3614 927 3699 praeferenda
953 3615 1007 3678 sit.
1034 3625 1312 3698 comportarent
1341 3623 1432 3686 Med.
1451 3641 1480 3685 2.
1501 3643 1545 3686 m.
1564 3643 1629 3688 sec.
1647 3619 1731 3688 Ven.
1749 3627 1780 3686 3.

374 3716 618 3803 comportavit
645 3722 777 3785 Medmtl
798 3723 892 3802 quod
914 3721 977 3786 ct
967 3741 1081 3805 ipsum
1103 3724 1193 3786 Med.
1209 3744 1238 3804 7.
1261 3723 1444 3790 lectionem
1465 3727 1653 3792 confirmat.
1675 3745 1782 3809 quare

372 3826 517 3888 verbum
529 3823 717 3909 imperavit
726 3829 911 3892 delendum
920 3847 990 3892 esse
1007 3847 1139 3892 censeo.
1161 3849 1230 3909 quo
1246 3830 1383 3916 omisso,
1403 3834 1660 3898 aliarerborum
1672 3842 1781 3897 struc-

375 3938 466 4016 tura,
487 3931 634 3996 Salustio
657 3933 891 4017 usitatissima,
912 3932 1119 4018 restituitur,
1140 3937 1233 4015 quod
1254 3935 1443 4020 perfeetum
1463 3938 1654 4003 infinitivus
1673 3939 1782 4004 histo·

374 4037 466 4102 ricus
494 4038 658 4120 sequitur.
682 4035 903 4127 frequentia
925 4041 1015 4102 Med.
1034 4056 1063 4115 4.
1095 4040 1180 4103 Min.
1199 4058 1225 4102 ι.
1256 4050 1495 4106 commeatum
1522 4046 1609 4109 Ven.
1626 4069 1653 4109 ι.
1667 4063 1694 4111 a.
1709 4049 1738 4108 3.
1750 4063 1781 4118 4.
1843 4063 1844 4066 ’

375 4146 450 4208 Vat.
463 4146 532 4212 ι..3
556 4145 646 4208 Med.
663 4163 710 4212 ιο.
735 4141 862 4210 Min..2
883 4146 980 4208 Barb.
995 4167 1024 4206 a·
1016 4161 1068 4220 ..4
1084 4147 1113 4207 5.
1135 4151 1171 4208 et
1192 4140 1393 4238 inparatis
1406 4149 1526 4224 Vat..4
1549 4157 1782 4216 etcommea·

378 4256 456 4310 tum
486 4209 596 4312 atiani
620 4243 769 4332 parutis
787 4248 894 4314 rebus
921 4247 1144 4314 munimento
1161 4243 1256 4336 fore
1285 4253 1360 4314 Vat.
1379 4255 1407 4314 5.
1435 4253 1548 4318 verbis
1559 4251 1780 4344 juraturum
