4116 4970
1618 369 1681 476 '55

277 615 396 676 Bacch.
417 615 554 702 Prolog.
575 617 716 700 Suppes.
743 636 791 681 rs.
811 620 860 681 56.
880 621 995 692 «Nam
1020 616 1129 679 maria
1150 619 1255 678 terras
1276 616 1408 673 montes
1428 613 1531 686 atque
1550 603 1677 668 insulas

275 729 394 784 vestrae
412 719 567 805 legiones
592 722 772 786 reddidere
791 723 971 804 pervias’'·
999 726 1058 786 sed
1071 720 1253 806 patebunt
1274 737 1344 779 non
1365 721 1414 777 est
1435 709 1474 774 in
1489 714 1677 793 potestate

275 832 383 886 erant
402 833 441 886 ut
461 827 596 890 eortius
618 827 858 910 interpretatus
878 837 947 904 est3
968 801 1085 911 patere
1106 826 1236 888 dicitur
1254 832 1364 903 terra,
1390 835 1466 899 quae
1486 833 1587 876 arnus
1608 811 1674 874 ali·

275 927 370 1004 cujus
391 929 547 993 resistere
568 951 638 992 non
660 938 792 1014 potest,
820 931 953 994 etiarnsi
973 950 1044 993 non
1064 931 1108 992 sit
1128 928 1287 1006 subjecta.
1321 922 1455 986 Curtius
1481 919 1571 982 male
1601 918 1677 980 lau·

278 1031 372 1093 davit
392 1052 465 1116 cap.
485 1037 536 1096 36.
567 1033 627 1095 uhi
645 1042 823 1115 parerent
843 1034 968 1098 melior
988 1034 1091 1098 lectio
1113 1043 1171 1097 est.
1202 1036 1320 1112 Neque
1341 1048 1412 1111 cap.
1429 1028 1477 1090 66.
1497 1021 1675 1108 patebant

276 1155 372 1220 eum,
407 1155 510 1217 quem
533 1137 606 1221 ipse
624 1138 757 1222 statuit,
785 1157 921 1202 sensum
948 1139 1063 1210 habet.
1084 1133 1221 1202 saevire
1241 1137 1263 1200 i.
1287 1155 1314 1198 e.
1335 1129 1483 1214 furere,
1515 1127 1687 1216 turbare·

275 1240 434 1304 Fortunae
458 1241 579 1304 tribuit
597 1243 763 1306 Salustius
783 1245 954 1308 malorum
976 1263 1127 1327 causam,
1147 1262 1295 1325 quorum
1317 1238 1485 1323 originem
1508 1231 1633 1298 rectius
1653 1249 1674 1292 a

272 1347 441 1428 perversis
461 1347 642 1411 hominum
662 1349 817 1412 moribus
837 1360 978 1432 repetas.
998 1347 1096 1413 elne.
1108 1351 1137 1412 6.
1153 1358 1186 1411 et
1204 1355 1291 1409 auct.
1302 1348 1363 1429 Ep.
1377 1347 1420 1406 de
1434 1345 1518 1424 Rep.
1533 1336 1668 1400 Ord·II·

273 1471 301 1513 c.
324 1472 350 1512 1.
379 1451 546 1515 similiter
563 1453 669 1515 Tacit.
689 1456 778 1521 Ana.
794 1455 850 1517 1v.
866 1476 894 1516 r.
918 1475 999 1518 cum
1022 1461 1168 1536 repente
1190 1450 1343 1515 turbare
1353 1443 1520 1537 fortuna
1542 1435 1672 1522 coepit.

272 1554 334 1622 cfr.
357 1559 445 1623 Ann
466 1572 496 1632 4.
518 1575 568 1620 ao.
589 1561 671 1621 et6.
694 1575 742 1621 aa.
783 1557 926 1623 Dubr'as
946 1568 1058 1641 atque
1078 1579 1226 1640 asperas
1249 1555 1391 1622 resine
1412 1547 1597 1633 ancipites,
1618 1558 1671 1606 ar·

272 1661 368 1743 duc,
389 1661 590 1724 discrimina
611 1661 764 1746 pericula
778 1657 858 1737 'lsi‘
835 1692 941 1762 ampo
960 1663 1051 1732 eel‘
1029 1665 1130 1746 erupi
1149 1657 1315 1727 -oneri
1339 1651 1574 1734 miseriaeque
1582 1645 1673 1739 sue-

271 1784 328 1842 re;
359 1764 383 1826 i.
407 1786 437 1830 e.
456 1767 573 1852 gravia
593 1777 695 1848 atque
716 1769 859 1832 molesta
878 1789 938 1834 seu
959 1789 1117 1834 aerumnae
1138 1776 1240 1847 atque
1260 1761 1428 1848 perniciei
1448 1759 1554 1822 fuere.
1574 1751 1672 1817 simi·

268 1867 313 1930 lis
339 1871 493 1936 Terentii
513 1873 609 1935 locus
629 1873 767 1936 Phorm.
800 1898 827 1936 1.
851 1891 880 1938 u.
900 1889 951 1952 44.
978 1883 1182 1958 paupertas
1200 1868 1292 1936 mitt
1311 1885 1404 1934 onus
1433 1861 1543 1929 visum
1564 1862 1672 1923 estet

271 1971 439 2038 miserum
462 1986 497 2039 et
516 1998 698 2065 grava-
657 1974 933 2042 -materiesi.
954 1999 983 2044 e.
1005 1998 1120 2062 causa,
1146 1977 1255 2061 origo.
1282 1974 1343 2037 cir.
1363 1975 1441 2036 Tac.
1461 1971 1550 2031 Anu.
1572 1986 1600 2024 ι.
1620 1966 1670 2025 52.

273 2099 315 2140 ea
337 2076 577 2142 vetustissima
598 2077 822 2144 militaribus
850 2079 944 2146 odiis
964 2081 1134 2147 materies
1167 2091 1202 2143 et
1230 2072 1410 2142 saeviendi
1431 2064 1668 2156 principium

273 2181 436 2263 Apposite
457 2181 619 2244 laudatur
638 2183 775 2246 Aristot.
796 2184 898 2247 Polit.
914 2187 957 2251 II.
976 2207 1005 2264 7.
1046 2187 1138 2258 eas'lu
1159 2183 1267 2270 ‘lisy'
1286 2170 1530 2266 iirespi‘lurlai
1549 2171 1673 2244 ansula

267 2287 424 2369 συμβαίνοι
444 2281 555 2376 exstit
574 2281 628 2354 tad
647 2286 817 2373 cadmus
837 2318 888 2358 aas
880 2285 964 2357 tet
984 2289 1229 2388 aaaopgspa‘tur
1244 2287 1299 2364 laic
1326 2282 1514 2384 tudetem
1545 2281 1671 2344 Rom

268 2387 535 2454 artisMedu.
565 2385 1670 2473 3.6.6..7911.12Ven26Vat1246Barbra3

268 2508 299 2568 4.
323 2498 350 2556 5.
376 2497 601 2564 subvertiti.
621 2521 650 2568 e.
674 2499 881 2584 corrumpit,
909 2521 1043 2585 pessum
1066 2503 1134 2564 dat.
1164 2501 1224 2563 clr.
1245 2499 1321 2562 Lib.
1338 2501 1365 2560 1.
1395 2497 1483 2563 llist
1501 2491 1668 2574 ir.19.‚p

269 2621 337 2661 aaa.
359 2593 543 2686 imperium
562 2607 759 2673 subvortere
779 2607 1012 2692 Jugurthaao.
1043 2609 1217 2669 decretum
1241 2604 1402 2667 consulis.
1427 2600 1550 2663 lustin.
1572 2619 1620 2661 aa.
1641 2598 1669 2668 5

264 2707 383 2788 patriae
400 2731 522 2775 mores.
540 2713 618 2775 Tac
623 2715 711 2775 Anu
722 2715 778 2776 1v.
791 2733 841 2790 7¹·
865 2715 1023 2776 florentes
1037 2731 1223 2798 priuignos
1244 2702 1432 2776 edocuit’
1410 2707 1552 2807 uagis-ut
1571 2706 1666 2768 Grae·

268 2831 345 2872 cum
367 2815 460 2877 euim
481 2817 646 2879 aoristum
667 2817 789 2898 sapius
809 2819 968 2880 adhiberi
989 2821 1033 2879 ad
1053 2837 1152 2879 usum
1175 2820 1348 2897 quendam
1368 2835 1427 2878 seu
1449 2809 1666 2875 consuetudi-

238 2935 347 2992 jnem
369 2921 628 3006 declarandam,
649 2921 730 2984 satis
751 2929 890 2983 constat.
918 2923 984 2982 Sed
998 2919 1114 2982 Latini
1135 2920 1237 2984 etiarn
1258 2919 1401 3002 perfecti
1422 2919 1565 2980 eandem
1592 2913 1663 2975 vim
1711 2982 1716 2990 ,

268 3041 358 3104 esse,
381 3043 399 3086 e
419 3026 578 3107 pluribus
597 3025 738 3088 Salustii
758 3025 938 3106 Tacitique
956 3024 1043 3088 loeis
1063 3024 1248 3108 colligitur.
1290 3022 1350 3095 cfr,
1369 3021 1460 3083 inira
1480 3039 1508 3082 c.
1530 3021 1579 3097 67.
1599 3023 1668 3095 lue·

266 3147 334 3208 que
355 3125 524 3210 cuiquam
553 3128 765 3193 mortalium
794 3126 955 3219 injuriae
981 3150 1070 3192 suae
1089 3149 1229 3213 parvae
1255 3124 1438 3210 videatur,
1468 3119 1578 3188 multi
1603 3141 1664 3187 eas

262 3232 412 3322 gravius
438 3254 554 3316 aequo
583 3233 741 3296 habuere
766 3235 844 3319 lug.
866 3255 961 3314 e.17.
993 3236 1091 3300 Nam
1111 3233 1258 3299 morbus
1284 3234 1387 3297 haud
1409 3251 1516 3315 saepe
1544 3249 1665 3311 quem·

266 3359 377 3418 quam
398 3345 562 3420 superat,
584 3335 658 3400 nasi
677 3335 862 3426 quiferro
885 3347 920 3402 et
941 3335 1064 3402 bestiis
1085 3335 1264 3404 interiere.
1285 3339 1346 3410 cfr.
1374 3339 1479 3403 Tacit.
1500 3335 1613 3424 Agriq.
1634 3353 1663 3412 ⁹·

266 3441 370 3504 haud
386 3462 525 3524 semper
546 3436 771 3533 erratsama
782 3485 793 3528 ,
814 3439 1013 3527 aliquando
1037 3452 1072 3508 et
1093 3439 1210 3532 elegit.
1235 3443 1295 3507 cir.
1316 3443 1501 3509 Birnbaum
1520 3441 1664 3524 specim.

266 3547 309 3608 11.
328 3546 480 3630 Lection.
499 3547 619 3610 Salust.
640 3571 673 3633 p.
689 3549 727 3612 V.
748 3551 943 3612 Rarushorn
963 3550 1113 3614 Gramm.
1133 3551 1205 3614 Lat.
1225 3547 1337 3634 §.164
1364 3552 1392 3613 6.
1413 3552 1447 3614 b.
1467 3561 1501 3614 et
1521 3571 1591 3634 cap.
1610 3567 1664 3613 se·

267 3659 393 3732 quente
414 3647 628 3733 concupivit
648 3689 691 3704 -
711 3649 831 3718 Aliud
843 3656 1007 3716 clausum
1030 3664 1091 3718 etc.
1116 3667 1193 3737 apte
1215 3655 1434 3720 contulerunt
1464 3656 1665 3738 interpretes

264 3755 437 3819 Homeric.
449 3756 550 3823 Iliad.
570 3757 626 3820 IX.
647 3749 754 3820 5ι5.
708 3755 837 3846 .ἰοο·χ
826 3749 981 3852 ilsgar
937 3785 997 3842 μιν
1016 3757 1142 3850 κιυθῃ’
1126 3755 1379 3856 ινὶφρηὺἕὶλο,
1399 3756 1487 3830 ii
1460 3788 1535 3850 erat
1563 3757 1664 3822 Eun·

267 3862 339 3946 pid.
350 3865 512 3925 Androm.
519 3883 568 3928 vs·
576 3865 646 3938 452.
669 3892 700 3932 ou
693 3859 851 3948 ’liparia
872 3855 956 3930 itae
974 3859 1034 3950 pir
1055 3861 1195 3954 paim
1214 3866 1374 3963 ppsrairlrt
1390 3861 1514 3938 timo.
1534 3867 1666 3940 Ennius

269 3987 323 4052 ap.
342 3969 416 4030 Aul.
425 3967 515 4032 Gell.
525 3971 563 4031 N.
584 3972 623 4032 A.
647 3989 693 4049 ¹9·
715 3970 745 4032 6.
764 3965 959 4030 Amicitiam
980 3969 1113 4051 atque'
1102 3971 1322 4036 inimicitiam
1342 3974 1381 4037 in
1401 3971 1664 4064 frontepromp·
1716 4007 1722 4024 .

267 4078 342 4134 tam
358 4091 449 4156 gero.
470 4072 580 4136 Plaut.
604 4075 633 4137 5.
652 4076 772 4138 Pseud.
796 4097 821 4136 1.
845 4074 873 4136 5.
885 4073 968 4137 55.
957 4095 1045 4138 aram
1064 4077 1103 4139 in
1122 4087 1284 4163 promptu
1304 4099 1432 4166 gerere.
1467 4079 1520 4148 V
1504 4076 1665 4148 radicare

265 4173 289 4238 i.
307 4195 336 4244 e.
351 4174 469 4261 puniri
484 4175 543 4246 cir.
560 4182 648 4249 Non.
666 4179 818 4246 Marcell.
835 4194 865 4258 4,
877 4183 949 4266 467,
963 4176 1145 4251 vindicare
1158 4194 1212 4250 est
1224 4181 1462 4281 malefactum
1475 4183 1663 4278 defendere
