4108 4976
388 383 463 498 ηδ

371 575 434 652 “iir
454 569 580 675 viperis
597 567 832 660 eraprptpen.
855 573 888 632 et
904 566 978 632 Lir.
996 573 1064 645 4.3.
1094 561 1339 650 quidtandem
1354 571 1424 650 ert,
1436 579 1505 631 eur
1513 569 1655 634 coelum
1669 589 1715 636 ae
1726 579 1811 638 ter-2

391 705 457 749 ros
476 678 653 745 misceant
673 674 903 754 contulerunt;
923 694 1039 761 quare,
1060 672 1216 758 quamvis
1227 673 1271 738 sit
1290 671 1432 736 insolita
1441 671 1583 759 locutio,
1596 682 1711 742 tamen
1723 693 1798 743 non

390 800 519 856 temere
536 785 700 850 mutanda
718 800 790 847 esse
806 781 954 846 videtur.
985 777 1079 863 quod
1099 787 1214 846 autem
1235 778 1373 844 Cottius
1391 797 1512 844 rocem
1533 777 1707 848 dissensio
1724 804 1798 848 non

391 894 472 960 satis
492 889 696 958 concinnam
715 887 864 973 putavit,
885 882 1067 972 discessio,
1086 888 1180 968 quod
1201 886 1275 970 ipse
1296 883 1468 970 reposuit,
1492 904 1565 950 non
1586 887 1696 974 magis
1714 907 1800 954 con·

390 1000 495 1066 venit.
515 996 664 1061 Salustio
686 999 800 1058 autem
821 994 914 1056 haud
935 991 1041 1056 dubie
1063 992 1131 1055 hoc
1150 991 1232 1055 satis
1250 979 1484 1078 significanter
1505 991 1637 1057 dictum
1656 994 1801 1061 videba-

391 1116 465 1185 tur;
487 1098 660 1168 dissensio
681 1097 775 1164 enim
795 1107 897 1182 atque
912 1092 1124 1182 permixtio,
1144 1098 1299 1180 quamvls
1316 1098 1800 1186 intersepugnarevidentur‚

390 1220 505 1275 tamen
526 1206 625 1272 notio
644 1205 823 1269 turbarum
844 1211 946 1286 atque
967 1203 1148 1270 discordiae
1171 1203 1310 1287 utrique
1343 1205 1421 1286 voci
1445 1203 1545 1270 inest.
1577 1203 1639 1271 eir.
1660 1209 1705 1272 de
1730 1208 1801 1294 sig·

392 1313 591 1380 nificationc
601 1309 827 1376 dissensionis
841 1313 924 1374 Caes.
940 1313 974 1372 B.
986 1308 1057 1374 civ.
1072 1313 1102 1372 3.
1119 1331 1145 1371 ι.
1161 1310 1254 1380 Birt.
1266 1313 1310 1374 de
1319 1313 1354 1373 Β.
1363 1310 1458 1373 Alex.
1472 1325 1522 1386 tc.
1542 1311 1659 1376 Senec.
1671 1315 1805 1378 deBen.

318 1473 324 1484 .
392 1438 422 1498 a.
443 1426 493 1487 32.
521 1428 555 1484 ct
581 1414 704 1500 saepius
730 1415 804 1499 ipse
830 1414 966 1478 Cottius
994 1415 1252 1502 animadvertit,
1278 1415 1442 1494 iviriirnc
1462 1415 1556 1493 istas,
1585 1437 1669 1500 quas
1686 1419 1802 1482 rheto-

392 1545 447 1590 res
468 1527 618 1609 captant,
638 1520 820 1585 aSalustio
838 1539 909 1586 esse
931 1520 1073 1586 alienas.
1094 1541 1200 1605 quare
1219 1523 1311 1588 nihil
1334 1532 1400 1606 est,
1426 1525 1578 1607 quodad
1591 1523 1802 1605 conjecturas

393 1629 641 1715 confugiamus.
1296 1663 1299 1670 ·

474 1735 554 1817 Cap.
574 1731 677 1794 XLII.
696 1725 866 1819 majores.
887 1728 948 1799 cir.
964 1729 1224 1809 Vellejfflatere.
1238 1755 1266 1798 r.
1280 1751 1310 1798 a.
1331 1741 1365 1798 et
1383 1735 1471 1798 Plut.
1482 1731 1560 1800 Vita
1568 1733 1645 1796 Tib.
1657 1733 1804 1800 Gracch.

397 1859 426 1900 r.
444 1841 487 1902 de
505 1843 602 1922 patre
617 1834 849 1898 Gracchorum
866 1833 957 1920 vide,
974 1855 1051 1918 quae
1069 1836 1145 1901 loca
1162 1837 1296 1903 Ernesti
1313 1837 1468 1903 laudavit
1484 1837 1523 1903 in
1539 1839 1633 1902 clave
1646 1837 1801 1906 ciceron.

396 1939 626 2008 addiderant.
648 1940 671 2004 i.
691 1960 720 2005 e.
737 1958 820 2024 opes
833 1939 1033 2024 reipublicae
1052 1952 1225 2006 auxerant.
1253 1943 1301 2007 ita
1318 1944 1421 2008 etiarn
1437 1951 1556 2008 auctor
1578 1945 1639 2027 Ep.
1663 1947 1804 2028 deRep.

396 2049 481 2112 Ord.
498 2050 543 2110 ad
560 2050 641 2113 Caes.
659 2045 838 2110 vindicare
858 2045 897 2109 in
919 2042 1037 2111 libert.
1055 2047 1122 2118 i.e.
1132 2047 1295 2114 servitute
1314 2051 1464 2116 eximere
1480 2055 1513 2115 ct
1534 2049 1572 2112 in
1585 2050 1734 2115 libertat.
1748 2065 1804 2114 as-

397 2173 519 2222 serere.
541 2154 646 2218 etiam
669 2152 865 2217 libertatem
889 2151 1067 2218 vindicare
1097 2153 1236 2220 dicitur.
1263 2157 1342 2222 Caes.
1363 2159 1399 2220 Β.
1414 2156 1455 2218 G.
1470 2177 1499 2237 7.
1514 2157 1566 2236 76.
1585 2153 1710 2220 nonin.
1730 2154 1754 2218 i.
1773 2173 1803 2219 e.

396 2260 517 2344 culpae
529 2258 690 2324 obnoxia.
701 2251 976 2341 spesaocietotis
986 2259 1009 2321 i.
1021 2278 1051 2322 e.
1071 2279 1149 2323 cum
1160 2261 1545 2348 nobilitatejungendoe·
1556 2255 1768 2328 dimoverat.
1780 2260 1806 2324 i.

396 2384 427 2428 e.
446 2365 654 2430 alienaverat
659 2387 674 2444 ,-
694 2362 798 2428 etiam
814 2365 907 2448 apud
920 2362 990 2426 Cic.
1006 2363 1130 2447 saepius
1145 2365 1304 2429 occurrit.
1321 2367 1506 2451 perculsa.
1522 2362 1604 2430 vide
1615 2385 1718 2451 supra
1731 2384 1804 2450 cap.

397 2486 448 2537 ur.
469 2472 557 2533 Cort.
576 2479 685 2548 „recte
695 2471 846 2534 Gronov.
864 2471 908 2533 ad
924 2468 999 2533 Liv.
1010 2474 1040 2534 3.
1050 2474 1100 2534 3ο.
1106 2468 1263 2554 percelli
1281 2489 1353 2538 esre
1374 2469 1476 2556 dicit,
1495 2471 1618 2557 everti,
1637 2470 1805 2556 subverti,

397 2573 538 2657 affligi.»
550 2576 619 2636 Cat.
639 2590 669 2635 r.
688 2595 713 2634 ι.
740 2575 840 2647 ..loco
864 2574 927 2638 ille
946 2581 1060 2638 motus
1075 2583 1142 2660 est,
1162 2597 1240 2640 cum
1258 2595 1300 2644 ex
1320 2577 1407 2642 urhe
1427 2583 1477 2643 est
1492 2577 1805 2662 depulsus-jacet

396 2676 459 2742 ille
477 2695 570 2740 nuno
587 2683 778 2759 prostratus
796 2685 875 2740 etse
890 2679 1085 2760 perculsum
1106 2687 1209 2760 atque
1217 2681 1388 2760 abjectum
1408 2701 1479 2748 esse
1498 2683 1633 2747 sentit.»
1651 2690 1803 2748 ceterum

396 2785 441 2848 de
461 2779 617 2866 equitum
637 2785 875 2845 Romanorum
897 2790 930 2846 ct
949 2783 992 2846 de
1009 2784 1427 2851 senatusdissensionibus
1436 2787 1558 2873 saepius
1567 2786 1748 2874 scriptores
1760 2789 1805 2849 R.

395 2899 549 2976 egerunt.
559 2888 644 2953 Satis
659 2897 790 2953 constat
801 2888 936 2976 legibus
949 2890 1181 2954 Gracchorum
1185 2889 1330 2969 judiciis
1342 2894 1387 2956 ad
1401 2893 1533 2976 equites
1547 2891 1719 2957 translatis
1726 2911 1804 2978 per·

395 3005 535 3081 petuam
563 2994 744 3060 discordiae
774 3015 909 3060 causam
930 2995 967 3059 in
990 2993 1162 3059 civitatem
1184 3015 1255 3061 esse
1272 2997 1460 3063 inductam.
1478 2999 1548 3063 Cic.
1561 2999 1620 3062 Or.
1635 2998 1674 3061 in
1689 3001 1760 3061 Cat.
1773 3014 1803 3074 a.

398 3118 429 3163 π.
450 3110 484 3164 et
504 3101 652 3185 interpp.
669 3103 713 3164 ad
727 3102 761 3164 h.
775 3099 801 3163 1.
821 3099 912 3168 Plin.
935 3101 978 3164 Η.
993 3103 1031 3165 N.
1046 3105 1097 3166 33.
1111 3125 1140 3165 a.
1161 3103 1230 3168 Cic.
1245 3106 1329 3190 Epp.
1347 3127 1372 3167 r.
1388 3105 1417 3168 8.
1438 3104 1528 3172 Flor.
1545 3109 1575 3168 3.
1596 3121 1643 3172 ra.
1659 3123 1804 3187 paucos

389 3212 481 3288 post
501 3205 659 3269 annosi.
676 3226 705 3270 e.
727 3207 845 3270 decem
864 3205 965 3270 annis
981 3215 1068 3291 post.
1091 3203 1321 3274 triumvirum
1336 3210 1454 3277 colon.
1468 3210 1593 3274 deduc.
1604 3227 1701 3276 more
1714 3209 1805 3274 ohti-

398 3310 492 3394 nuit,
510 3317 550 3373 ut
566 3319 632 3374 tres
655 3309 723 3372 viri
740 3311 807 3374 hoc
825 3309 968 3396 negotio
987 3309 1285 3398 perfungerentur.
1307 3313 1366 3376 cir.
1385 3313 1458 3382 Liv.
1473 3318 1504 3401 8,
1527 3319 1573 3379 16.
1586 3319 1625 3400 3,
1641 3337 1668 3380 ι.
1680 3319 1734 3400 34,
1753 3319 1803 3381 63.

399 3418 456 3496 39,
472 3431 521 3475 aa.
542 3415 633 3476 Flor.
653 3419 684 3481 3.
706 3431 753 3491 ι4.
773 3415 891 3502 Sigon.
914 3414 1052 3494 dejure
1072 3418 1146 3480 Ital.
1168 3435 1197 3486 r.
1213 3435 1242 3481 a.
1263 3414 1481 3485 actionibus.
1501 3420 1581 3486 vide
1589 3423 1660 3486 Cat.
1673 3421 1724 3498 43.
1745 3443 1804 3486 ea·

400 3515 479 3578 dem
499 3511 770 3602 ingredientem.
795 3538 990 3599 pronomen
1010 3523 1104 3584 haud
1126 3522 1232 3587 dubie
1252 3535 1375 3604 quarto
1400 3544 1480 3591 casu
1497 3525 1662 3611 positum,
1682 3545 1810 3609 quam-

398 3619 451 3686 vir
485 3637 581 3683 casus
614 3628 726 3682 sextus
765 3619 913 3684 salustio
945 3629 995 3685 est
1035 3623 1202 3688 usitatior.
1240 3626 1300 3696 cfr.
1327 3631 1398 3714 Cat.
1426 3651 1475 3696 rr.
1500 3632 1578 3718 Jug.
1605 3636 1653 3696 16.
1688 3627 1802 3723 ferro

399 3732 602 3791 necaverat.
623 3744 695 3789 non
716 3733 844 3794 temere
853 3721 966 3816 ferro
988 3728 1161 3814 additum,
1180 3751 1258 3796 cunr
1273 3755 1406 3802 necare
1421 3737 1561 3822 proprie
1578 3737 1749 3822 pertineat
1760 3738 1804 3802 ad

399 3841 546 3896 mortem
573 3831 706 3894 illatam
734 3830 809 3899 sine
831 3833 985 3899 vulnere.
1011 3837 1077 3900 sed
1093 3835 1188 3903 bono
1209 3835 1306 3903 vinci
1322 3837 1448 3906 ratius
1466 3851 1530 3908 eat.
1549 3843 1733 3928 sententia,
1759 3845 1803 3909 de

398 3955 468 4020 qua
487 3937 590 3999 multi
609 3937 812 4025 interpretes
829 3939 987 4025 suerunt,
1007 3940 1097 4004 nihil
1109 3943 1229 4029 habet,
1248 3943 1371 4027 inquo
1383 3939 1555 4028 offendam
1575 3950 1635 4014 scd
1647 3949 1686 4012 in
1698 3967 1802 4032 quem

399 4043 505 4107 finem
525 4042 599 4106 haec
624 4044 716 4107 dicta
741 4045 826 4131 sint,
855 4045 996 4110 latuisse
1013 4046 1151 4112 videtur
1169 4049 1382 4135 interpretes.
1406 4052 1582 4136 plerisque
1603 4071 1803 4138 persuasum

398 4147 483 4234 tuit,
501 4147 667 4214 hisdictis
684 4143 857 4214 auctorem
878 4151 1074 4235 improbare
1084 4155 1315 4220 Gracchorum
1326 4157 1481 4244 consilia,
1499 4159 1629 4244 quippe
1638 4157 1700 4240 qui
1709 4158 1803 4222 malo

401 4273 496 4323 more
514 4255 680 4336 injuriam
699 4255 838 4326 vincere
853 4257 1033 4328 voluerint.
1053 4263 1147 4343 quod
1158 4260 1298 4344 quidem
1307 4265 1599 4348 contrasehabet3
1619 4263 1804 4332 cumenim
