4108 4976
380 373 450 464 354

377 562 449 632 erit
469 554 562 632 mitti
581 553 720 650 eguisse
740 551 944 638 aliquando
961 547 1089 636 precio
1111 550 1414 624 tuae'nmicitiae.
1433 561 1536 630 Tanr.
1559 564 1661 656 Unde
1674 570 1790 636 meni-

375 672 500 738 festum
511 667 565 752 fit,
598 662 760 730 librarios
771 672 838 724 tum
849 677 970 744 parum
981 658 1050 724 sibi
1060 660 1266 747 constitisse,
1291 670 1329 726 ut
1339 683 1382 728 ne
1390 666 1457 729 hoc
1467 667 1608 750 quidem
1618 673 1702 737 satis·
1713 694 1788 740 cer.

379 789 453 841 tum
463 783 558 858 esset,
573 791 643 854 quo
653 771 732 832 loco
743 767 890 853 glossam
899 765 1169 850 interponerent.
1191 768 1542 852 Ipsomlocutionem:
1553 770 1678 865 suerit
1696 778 1793 846 milri

380 877 519 970 eguisse
523 878 596 957 jam
604 875 738 940 Cottius
750 871 832 936 satis
845 870 1017 955 defendit,
1034 889 1137 954 qnam
1155 875 1199 935 ad
1207 873 1517 960 circumcriptionis
1527 879 1693 948 formulas
1700 885 1788 952 reie-

379 988 520 1052 rendam
536 1001 607 1047 esse
625 987 715 1046 recte
725 978 871 1058 judicat.
884 977 927 1041 in·
938 997 1011 1044 rem
1038 977 1170 1043 confert
1188 986 1255 1043 cat.
1269 983 1311 1044 R.
1323 984 1364 1044 R.
1376 983 1487 1067 princ.
1513 988 1584 1050 Est
1604 984 1788 1056 interdurn

373 1099 579 1177 praestare,
607 1085 826 1152 mercaturis
850 1105 927 1150 rem
956 1104 1146 1170 quaerere,
1178 1081 1221 1150 nr'
1245 1093 1322 1150 tarn
1342 1084 1593 1171 periculosum
1621 1090 1700 1163 siet.
1725 1095 1787 1160 Sil.

378 1196 455 1261 Ital.
474 1188 741 1285 12.695.fuerr't
762 1191 879 1256 delere
898 1190 1103 1280 Saguntum
1115 1197 1177 1256 etc.
1198 1190 1256 1256 cfr.
1271 1193 1420 1260 Gronov.
1434 1195 1574 1262 observ.
1591 1201 1649 1264 1v.
1670 1219 1742 1284 cap.
1757 1204 1787 1266 Β.

381 1309 415 1368 et
436 1305 584 1369 eundem
611 1303 655 1363 ad
681 1300 797 1363 senec.
825 1299 869 1362 de
896 1297 1261 1365 clem.1.18.Tibull.
1289 1305 1396 1364 Cnrm.
1408 1315 1437 1377 4.
1455 1324 1480 1364 ι.
1496 1321 1564 1366 ιοο.
1597 1307 1700 1369 Tunc
1720 1303 1791 1372 tibi

379 1429 455 1473 non
476 1403 578 1492 desit,
588 1402 732 1495 faciem
753 1421 969 1487 componere
979 1424 1132 1492 pugnae
1147 1439 1166 1456 -
1179 1402 1305 1472 carius
1324 1415 1387 1473 est.
1408 1410 1484 1475 Vnt.
1496 1428 1527 1474 e.
1547 1404 1589 1472 id
1605 1410 1706 1482 adeo.
1727 1411 1789 1478 cir.

380 1517 451 1580 Cat.
465 1516 516 1592 ³7·
537 1512 647 1575 Plant.
667 1510 802 1574 curcul.
818 1511 847 1571 5.
861 1513 891 1572 ³.
904 1526 934 1573 a.
958 1508 1029 1573 Cic.
1048 1530 1113 1595 pro
1136 1511 1270 1576 Cluent.
1285 1533 1334 1592 ²9·
1354 1507 1396 1577 id
1412 1515 1503 1580 adeo
1524 1509 1578 1579 sic
1599 1512 1789 1604 cognosci·

381 1627 426 1684 te.
454 1626 544 1683 recte
563 1619 680 1706 Festus
699 1635 725 1683 s.
744 1637 776 1678 v.
800 1611 889 1700 fere
903 1621 992 1698 post
1011 1634 1050 1678 se
1068 1615 1179 1679 habet
1193 1613 1422 1701 particulam
1445 1626 1510 1695 ut,·
1541 1614 1621 1683 sine
1640 1642 1683 1684 ea
1702 1641 1796 1688 cero·

375 1718 539 1808 positum
560 1717 599 1785 in
615 1715 802 1804 principio
825 1722 1012 1807 eleganter
1025 1712 1174 1782 inservit
1188 1716 1515 1803 epiphonemati-
1526 1730 1645 1808 utere,
1667 1727 1793 1808 quoad

380 1825 479 1894 vives.
500 1825 554 1911 (et
574 1823 717 1908 omisso)
738 1823 834 1888 Eich.
865 1821 939 1906 quo'
961 1825 1066 1888 modo
1098 1823 1210 1889 oratio
1230 1826 1342 1891 multo
1363 1825 1402 1920 tit
1421 1826 1603 1894 incitatior.
1633 1831 1692 1894 sed
1711 1838 1791 1914 post
1845 1879 1851 1884 .

381 1929 478 1998 uices
504 1931 821 2016 interpungendum
846 1936 906 1994 est.
923 1925 1161 2018 flagitiosum
1183 1937 1246 1995 est.
1273 1932 1419 1997 verbum
1447 1934 1563 1998 delent
1584 1935 1687 1998 multi
1705 1934 1792 2000 libri

381 2041 473 2106 Med.
490 2060 518 2100 ι.
533 2039 563 2106 5.
579 2057 627 2101 ιο.
657 2039 742 2104 Ven.
760 2058 789 2098 s.
801 2051 832 2111 4.
860 2035 950 2100 Flor.
965 2056 992 2099 ι.
1009 2051 1056 2098 ru.
1072 2037 1119 2098 ri.
1133 2038 1183 2098 nti.
1210 2038 1285 2103 Vat.
1300 2051 1330 2114 4.
1345 2041 1374 2101 5.
1401 2037 1528 2120 quibus
1550 2040 1727 2108 assentior.
1748 2041 1792 2106 de

379 2139 567 2228 republica
587 2140 704 2235 cujus.
721 2145 823 2210 Taur.
850 2143 987 2225 (vestra
1007 2141 1092 2226 om.)
1112 2144 1207 2224 quod
1227 2151 1348 2206 notatu
1368 2142 1523 2228 dignum.
1544 2141 1698 2230 utfinis.
1716 2147 1792 2214 vat.

380 2270 411 2312 u.
429 2254 459 2316 3.
482 2249 583 2332 quod
600 2245 716 2314 voltis.
738 2249 841 2314 ctiam
862 2249 952 2312 hanc
971 2267 1161 2333 prucorum
1178 2247 1351 2312 librorum
1363 2249 1549 2314 lectionem
1567 2251 1644 2316 vat.
1658 2269 1689 2320 a.
1708 2271 1793 2316 con-

381 2355 510 2439 firmet,
531 2354 580 2418 ite
601 2361 640 2418 ut
659 2359 750 2418 recte
771 2353 893 2440 colligi
912 2371 1011 2438 posse
1031 2353 1207 2438 videntur,
1226 2356 1291 2417 hos
1302 2354 1411 2418 libros
1425 2357 1496 2418 Bas.
1513 2373 1541 2415 ι.
1561 2357 1660 2418 Bern.
1671 2371 1703 2431 4.
1716 2359 1790 2424 Vat.

382 2481 412 2524 n.
433 2460 590 2544 quanvis
609 2478 682 2525 non
702 2459 773 2524 sint
793 2459 946 2538 eiusdem
966 2458 1124 2544 familie,
1151 2461 1196 2524 ad
1215 2463 1360 2526 eandem
1377 2469 1467 2524 certe
1482 2467 1620 2546 gentem
1638 2462 1793 2544 pertine·

382 2585 430 2632 re.
451 2564 494 2628 id
511 2562 663 2629 intrare.
693 2560 734 2628 id
760 2585 830 2631 om.
860 2567 951 2630 Med.
965 2581 995 2641 4.
1027 2566 1194 2647 repulsus
1214 2561 1339 2630 abibis.
1366 2573 1457 2630 recte
1477 2565 1610 2630 confert
1638 2568 1793 2655 Cottius,

382 2688 459 2752 qun
480 2668 608 2766 possim
627 2671 718 2753 apud
739 2675 896 2732 nostrum
914 2669 1096 2753 leguntur:
1118 2665 1221 2753 victi,
1233 2665 1407 2758 profugi,
1428 2667 1555 2755 inulti,
1571 2669 1791 2758 praecipites

271 2857 275 2867 1
384 2775 529 2841 abeunt.
551 2783 586 2840 et
605 2775 724 2838 Horat.
736 2765 887 2836 Serme.
907 2795 934 2836 r.
953 2771 1013 2836 fin.
1033 2779 1077 2835 tu
1096 2767 1226 2834 missus
1246 2771 1372 2838 abibis.

465 2883 546 2966 Cap.
568 2881 651 2944 CXI.
678 2874 807 2944 multis
834 2874 1016 2944 disseruit.
1041 2875 1102 2942 ct‘r.
1123 2877 1237 2954 Cati.
1260 2873 1393 2961 paucis
1415 2875 1578 2946 absolvit.
1592 2877 1686 2948 -in
1704 2904 1794 2972 gra·

386 2983 488 3052 tiam.
508 2986 570 3052 cfr.
584 2986 677 3051 inira
697 3008 726 3054 c.
744 3002 812 3050 ιιι.
842 2981 880 3050 in
896 2991 1120 3070 potestatem
1140 2980 1334 3048 habuisset.
1354 2987 1607 3066 Cat.1r.et19.
1635 3007 1738 3070 quem
1758 2982 1795 3052 si

385 3091 564 3160 Romanis
585 3081 807 3182 tradidisset.
820 3092 925 3158 Rom.
946 3111 1015 3156 om.
1034 3093 1120 3157 Ven.
1134 3107 1163 3152 n.
1184 3091 1276 3156 Med.
1289 3091 1317 3154 ὁ.
1340 3089 1378 3154 id
1398 3094 1492 3171 quod
1512 3093 1633 3156 durius
1652 3101 1711 3160 est.
1732 3113 1793 3160 ne·

383 3195 519 3286 gitare.
537 3199 648 3263 Plaut.
668 3201 760 3264 Prol.
777 3202 826 3263 50.
856 3193 1024 3288 negitare
1044 3219 1101 3262 me
1121 3196 1211 3262 adeo
1231 3203 1361 3260 natum
1382 3215 1498 3260 suum.
1530 3199 1793 3279 Lucret.4.911.

386 3298 533 3391 nefieri
550 3299 698 3392 negites,
720 3304 821 3387 quod
833 3298 963 3388 duam,
978 3322 1096 3386 posse.
1117 3301 1220 3367 etium
1241 3304 1307 3367 hoc
1328 3302 1505 3384 antiquius
1524 3301 1664 3366 dictum.
1685 3299 1796 3370 ἰιιυίιί.

388 3414 505 3468 erant.
526 3407 754 3472 indicativum
775 3409 902 3493 optimi
920 3408 1006 3474 libri
1026 3417 1175 3478 tuentur.
1195 3407 1338 3488 lenitur
1353 3415 1399 3472 et.
1415 3409 1499 3472 Ven.
1513 3425 1576 3474 nn.
1590 3413 1621 3472 3.
1640 3409 1730 3474 Flor.
1745 3430 1793 3493 ¹7·

266 3583 271 3592 ἢ
390 3527 440 3590 29.
462 3511 553 3574 Med.
566 3526 597 3586 4.
626 3508 765 3575 lenitur
792 3533 837 3574 en
855 3515 925 3578 ool.
955 3517 1047 3582 Med.
1061 3533 1090 3582 ι.
1111 3513 1244 3580 leniter
1263 3537 1308 3578 ex
1329 3517 1396 3580 vol.
1418 3516 1510 3580 Med.
1523 3517 1551 3577 8.
1569 3534 1617 3576 ιι.
1639 3525 1672 3580 et
1690 3522 1793 3602 longe

386 3611 532 3702 plurimi
553 3609 694 3678 leniter.
723 3613 954 3676 nihilominus
973 3599 1089 3678 temen
1109 3616 1297 3680 etiamnum
1319 3619 1458 3705 dubito,
1484 3628 1596 3686 utram
1608 3621 1794 3690 lectionem

387 3719 577 3806 praefernm.
598 3713 730 3784 leniter
741 3713 966 3802 promittere
984 3727 1075 3783 recte
1095 3719 1235 3810 qnidern
1257 3720 1399 3808 dicitur,
1418 3729 1478 3790 sed
1488 3725 1659 3792 huicloco
1670 3747 1796 3813 parum

389 3825 595 3891 conveniens
615 3845 687 3892 esse
707 3824 859 3906 videtnr;
890 3845 971 3892 narn
993 3846 1118 3909 aspere
1138 3846 1217 3910 enm
1235 3827 1390 3894 locutum
1410 3851 1483 3898 esse
1508 3834 1567 3900 vix
1596 3835 1794 3902 credideris.

258 3949 263 3961 “
388 3936 449 3998 sed
464 3951 543 3994 cunr
563 3930 731 4020 negitare
748 3933 966 4019 precesserit,
985 3929 1124 4000 lenitur
1142 3934 1305 4020 preclare
1325 3937 1467 4004 dictum.
1487 3939 1547 4006 cir.
1568 3963 1596 4006 c.
1611 3962 1660 4006 ιι.
1680 3938 1796 4006 lenire

389 4033 552 4102 animum
563 4031 743 4126 ferocem.
764 4040 813 4103 ita
833 4041 938 4108 etiarn
957 4041 1078 4106 ¹Cicero
1097 4044 1140 4108 de
1159 4045 1287 4106 Catone
1306 4062 1370 4127 pro
1390 4045 1696 4132 namurcensi.
1744 4049 1796 4112 Te

391 4139 507 4227 ipsum
528 4163 627 4241 nunc
648 4139 766 4206 animi
785 4145 942 4226 quadarn
963 4143 1100 4232 impetu
1120 4144 1364 4232 concitatum,
1384 4171 1470 4217 usus
1478 4148 1633 4240 flectet,
1650 4149 1724 4220 dies
1743 4155 1794 4220 te·

389 4246 481 4334 niet,
501 4258 606 4316 aetas
624 4242 820 4338 micrssgaor‘t.
