4106 4974
1583 459 1649 536 ¹²7

246 611 300 686 nel
315 615 485 714 ‘ipsaemet
505 617 652 706 partitae
672 618 886 723 χρωφυλῧυς
905 618 1069 699 umbritius.
1112 619 1165 684 De
1184 621 1385 688 muneribus
1406 625 1450 687 ab
1476 645 1519 692 eo
1550 631 1654 700 editis

246 718 307 784 eir.
326 721 465 787 Sueton.
487 745 559 810 cap.
581 748 629 790 ro.
648 731 739 793 Plut.
760 730 788 798 l.
809 730 834 793 l.
853 727 944 791 Plin.
961 728 1005 791 Η.
1022 730 1062 792 Ν.
1082 729 1133 792 33.
1150 729 1182 790 3.
1202 724 1340 809 equites
1365 729 1470 794 Rom.
1491 729 1553 795 cir.
1586 734 1657 820 Cic.

241 847 308 912 pro
323 828 451 916 Sentio.
472 849 543 916 cap.
567 851 616 896 ra.
637 836 771 900 aedem.
792 835 883 896 hene
902 852 1043 917 rocem,
1071 851 1175 915 quam
1199 849 1320 897 omnes
1342 835 1450 899 Codd.
1463 847 1658 908 constanter

243 933 410 1020 retinent,
432 937 569 1002 eortius
591 937 767 1004 immerito
785 937 923 1003 delevit.
957 938 1061 1022 Quod
1077 923 1176 1002 ‘enirn
1197 940 1322 1006 Donat.
1344 941 1388 1002 ad
1411 940 1559 1026 Adelph.
1574 958 1606 1022 4.
1629 965 1658 1010 r·

243 1042 294 1116 43.
309 1061 350 1104 ex
365 1040 514 1105 Salustio
538 1043 675 1108 laudat:
696 1039 865 1110 adJouis
876 1043 1042 1136 magedem
1056 1051 1199 1121 nostra,
1217 1043 1379 1108 indenon
1391 1047 1558 1131 sequitur,
1572 1050 1655 1116 ubi·

242 1165 310 1227 que
329 1144 379 1208 ita
398 1146 572 1231 scripsisse
586 1149 782 1214 Salustium.
810 1144 1086 1215 minitarentun
1115 1148 1217 1213 aliter
1233 1150 1307 1214 haec
1329 1159 1446 1216 namet
1466 1154 1559 1219 Suet.
1576 1157 1657 1222 Ces.

242 1267 315 1332 cap.
337 1265 386 1326 14.
409 1260 443 1315 et
464 1244 651 1322 Plancos.
673 1276 744 1342 cap.
763 1257 794 1318 8‘.
813 1253 979 1320 Suetonio
994 1253 1089 1318 enim
1105 1264 1139 1319 et
1159 1255 1344 1326 Plutarcho
1370 1258 1568 1326 auctoribus
1588 1263 1657 1327 boc

241 1356 328 1418 Non.
345 1357 546 1422 Decembris
564 1357 693 1424 factum
712 1369 785 1447 est,
807 1367 886 1426 eum
903 1363 1013 1426 Cesar
1030 1360 1239 1446 supplicium
1257 1364 1300 1425 de
1317 1363 1504 1442 conjuratis
1518 1383 1658 1430 sumen·
1691 1367 1693 1372 '
1736 1353 1738 1356 ⁵

171 1476 173 1482 ’
240 1459 325 1520 dum
344 1479 415 1525 esse
431 1461 659 1531 dissuasisset.
690 1467 849 1532 Ceterum
872 1469 1039 1533 Caesarem
1058 1465 1255 1551 suspicione
1275 1487 1349 1532 non
1370 1468 1523 1532 liberum
1551 1467 1658 1534 susce

236 1563 308 1643 jem
329 1565 411 1630 inde
426 1565 653 1655 intelligitur,
685 1574 781 1654 quod
803 1572 924 1658 primes
949 1579 1041 1636 certe
1068 1571 1317 1650 conjurationis
1337 1591 1359 1636 a
1382 1573 1530 1638 Catilina
1558 1573 1657 1640 fectae

238 1661 351 1733 socius
374 1670 460 1735 brit.
476 1659 595 1740 Cicero
606 1675 726 1763 igitur
749 1678 859 1764 magis
876 1676 1046 1761 consilio,
1066 1679 1289 1760 quamquod
1308 1679 1473 1742 Caesarem
1489 1678 1657 1746 innocen·

238 1782 308 1840 tem
327 1777 489 1862 putabat,
510 1779 740 1856 nibileontra
761 1803 840 1848 eum
862 1803 964 1848 ausus
983 1801 1056 1848 esse
1076 1782 1223 1850 videtur.
1248 1781 1307 1844 cfr.
1328 1800 1431 1866 supra
1452 1785 1656 1848 c.18.Plut.

237 1878 309 1944 vita
328 1880 399 1946 Cic.
419 1901 492 1968 cap.
505 1901 555 1953 ro.
576 1886 721 1972 Appiae.
744 1891 782 1964 Β.
809 1887 880 1954 civ.
898 1889 942 1952 Π.
960 1889 990 1953 6.
1010 1887 1101 1950 Plut.
1118 1889 1198 1954 Caes.
1213 1906 1285 1971 cap.
1298 1887 1328 1950 3.
1351 1889 1434 1952 cato
1454 1887 1538 1954 min.
1561 1909 1590 1956 c.
1605 1892 1655 1954 26·

236 1984 377 2055 Sueten.
394 1989 475 2057 Caes.
502 1990 574 2074 cap.
594 2013 644 2073 ¹7·
1070 1985 1072 1990 ¹
1218 2057 1220 2062 .

318 2094 399 2177 Cap.
419 2096 457 2158 L.
480 2103 517 2158 et
536 2097 632 2160 dum.
654 2095 800 2181 repetita
814 2097 985 2182 particule
998 2096 1166 2161 orationis
1179 2096 1335 2159 membre
1350 2079 1462 2182 magis
1473 2114 1657 2160 secernun-
1683 2150 1701 2159 -

238 2201 304 2258 tur.
332 2197 573 2278 comprobato
594 2199 618 2262 i.
640 2220 669 2265 e.
701 2211 885 2286 postquam
898 2210 1034 2268 senatus
1053 2203 1267 2285 decreverat,
1286 2221 1404 2266 verum
1424 2201 1538 2267 videri
1562 2199 1657 2280 indie

237 2298 331 2362 cium
349 2301 393 2362 ab
411 2300 484 2364 illis
511 2300 645 2376 factum
667 2302 813 2392 opifices
838 2312 950 2390 atque
969 2301 1135 2370 servitia.
1169 2303 1230 2370 cir'.
1252 2305 1322 2370 Cic.
1337 2307 1397 2370 Or.
1420 2305 1460 2369 in
1484 2307 1554 2372 Cat.
1575 2319 1605 2382 q.
1624 2309 1656 2368 3.

235 2403 301 2468 Dio
317 2407 406 2476 Cass.
428 2409 479 2486 37.
521 2410 575 2476 36.
595 2404 836 2492 exquirebant
856 2411 879 2474 i.
898 2431 928 2478 e.
952 2411 1139 2496 diligenter
1158 2411 1367 2493 quaerebant.
1404 2411 1512 2474 duces
1530 2406 1656 2472 multi-
1716 2465 1721 2478 .

237 2506 416 2576 tudinum.
473 2513 714 2579 multitudines
732 2523 813 2580 sunt
834 2514 947 2600 plebis
975 2515 1146 2580 seditiosae
1162 2523 1341 2599 catervae,
1363 2518 1406 2580 de
1433 2513 1561 2596 quibus
1588 2513 1657 2576 Sal.

236 2632 339 2698 supra
358 2635 430 2699 cap.
449 2621 500 2698 37.
521 2621 581 2682 sed
603 2618 749 2702 pluralis
772 2641 935 2686 numerus
957 2621 1060 2700 hujus
1076 2620 1184 2701 vocis,
1206 2627 1375 2701 quantum
1391 2618 1553 2700 equidem
1573 2617 1656 2703 scio,

235 2723 328 2804 apud
347 2723 434 2786 alios
443 2722 627 2806 scriptores
644 2745 717 2788 non
735 2725 893 2791 occurrit.
916 2727 1039 2790 Duces
1057 2743 1177 2788 eorum
1202 2744 1274 2788 non
1287 2727 1367 2788 sunt
1389 2724 1655 2807 tribuniplebis,
1696 2759 1698 2766 κ

210 2857 212 2862 ·
236 2844 323 2906 quos
339 2829 431 2890 Cort.
452 2827 647 2905 intellexit,
668 2833 728 2894 sed
752 2829 919 2894 seditiosi·
938 2829 1121 2910 homines,
1148 2829 1210 2912 qui
1241 2828 1446 2891 turbulentae
1466 2827 1655 2911 plebeculae

234 2949 378 3013 praeesse
398 2931 573 3013 solebant,
595 2953 672 2992 cum
699 2932 734 2993 vi
749 2932 885 3013 aliquid
905 2934 1077 3016 agendum
1101 2939 1323 3008 erat-erant,
1349 2929 1444 3013 quod
1455 2931 1655 2993 Cortiusin·

234 3033 317 3096 vitis
343 3035 442 3102 libris
466 3019 610 3118 delevit,
632 3036 759 3119 etipse
782 3036 960 3117 ejicerem,
988 3039 1180 3098 dummodo
1205 3034 1412 3098 constructio
1450 3052 1492 3097 eo
1526 3033 1653 3114 omisso

236 3137 441 3204 concinnior
460 3138 567 3216 fieren
598 3143 745 3208 sednon
770 3148 852 3203 erat
868 3135 1113 3202 difficillimum
1136 3142 1181 3202 ad
1199 3139 1457 3224 explicandum,
1479 3141 1539 3202 sed
1559 3143 1654 3221 quod
1734 3213 1741 3224 .

234 3242 456 3329 participium
473 3242 662 3328 perlectum
675 3243 827 3327 positum
850 3251 924 3321 -est3
945 3243 1017 3310 sive
1035 3243 1243 3327 enimcum,
1269 3244 1341 3308 sire
1366 3251 1476 3307 erant
1496 3245 1654 3328 supples‚

235 3353 357 3414 eadem
379 3359 428 3414 est
447 3346 641 3416 difficultas.
676 3352 795 3431 Neque
816 3367 889 3432 cap.
910 3352 960 3414 31.
992 3348 1134 3412 initium
1162 3349 1245 3412 huic
1272 3349 1350 3414 loco
1380 3349 1515 3436 similc3
1543 3369 1650 3432 quare

236 3453 363 3536 aliquis
387 3457 481 3518 hunc
506 3456 623 3519 locum
653 3475 696 3518 cx
721 3454 765 3517 iis
783 3473 856 3519 esse
887 3455 1078 3539 putaverit,
1106 3454 1169 3518 ubi
1193 3454 1566 3540 plusquamperfectum
1588 3474 1652 3538 pro

237 3560 441 3644 imperfecto
463 3561 615 3646 positum
638 3578 710 3624 esse
750 3559 896 3624 videtur.
928 3559 989 3623 cir.
1017 3561 1166 3624 Gronov.
1189 3563 1233 3623 ad
1252 3561 1325 3623 Liv.
1351 3565 1403 3637 ³4.
1432 3582 1478 3622 rr.
1501 3559 1650 3638 Perizon⁸

237 3667 417 3730 adSanctii
435 3669 520 3730 Min.
539 3689 566 3731 1.
582 3671 630 3734 ι3.
647 3669 675 3735 b.
697 3667 893 3752 Heusinger
903 3669 947 3730 ad
963 3667 1031 3730 Cic.
1047 3665 1144 3730 Offic.
1160 3671 1191 3734 3.
1210 3687 1267 3748 19,
1288 3673 1321 3730 et
1335 3665 1467 3728 Praeiat.
1488 3665 1606 3728 Lvt11.
1618 3668 1652 3723 et

237 3770 394 3834 Beicrum
413 3775 457 3835 ad
479 3775 572 3836 hunc
594 3772 719 3834 locum.
751 3769 810 3833 cir.
834 3770 974 3834 Methiae
995 3772 1052 3834 Gr.
1069 3769 1128 3831 Gr.
1152 3767 1182 3851 ς.
1205 3771 1276 3834 505.
1298 3771 1358 3830 ΙΙΙ.
1394 3789 1420 3830 ι.
1450 3768 1517 3829 Sed
1534 3767 1652 3830 omnia

236 3874 313 3938 loca
332 3877 376 3938 ab
396 3877 609 3959 auctoribus,
630 3883 717 3957 quos
734 3873 1016 3957 commemoravi,
1043 3881 1203 3959 congesta
1231 3891 1252 3934 a
1277 3881 1395 3936 nostro
1418 3871 1532 3934 aliena
1552 3880 1652 3956 sunt,

238 3980 310 4042 imo
326 3989 397 4045 tota
411 3983 483 4046 haec
500 3981 638 4067 regula,
660 3979 689 4044 si
705 3959 895 4042 accuratius
918 3998 990 4041 rem
1012 3977 1269 4062 examinaveris,
1286 3977 1384 4040 nulla
1401 3985 1460 4040 est.
1482 3977 1544 4042 ubi
1556 3978 1650 4042 enim

237 4084 316 4148 talis
331 4086 476 4148 mutatio
491 4095 685 4170 temporum
695 4105 775 4178 esse
791 4084 944 4167 videtur,
964 4082 1054 4148 inest
1069 4083 1140 4148 fere
1162 4083 1217 4148 his
1231 4083 1316 4148 locis
1333 4086 1488 4166 quaedam
1510 4085 1650 4168 elegen·

238 4189 301 4272 tia,
319 4209 341 4252 a
354 4189 553 4274 vulgaribus
574 4190 819 4275 interpretibus
839 4209 960 4273 parum
981 4189 1128 4275 cognita.
1150 4191 1289 4270 Rectius
1307 4189 1435 4254 dixeris
1452 4185 1584 4252 solitus
1600 4194 1639 4250 ut

239 4291 423 4372 consuevit
440 4295 579 4376 aliaque
600 4295 751 4382 perlecta
777 4293 1065 4380 significationem
1088 4295 1266 4379 presentis
1297 4297 1495 4371 adsumerc3
1522 4289 1650 4358 similis
