4116 4970
407 369 452 419 10

407 543 466 607 tici
487 538 602 602 nescio
620 554 704 618 quas
723 532 925 598 inimicitias
943 533 1304 620 somniaverint,·quae
1322 535 1480 601 Ciceroni
1498 557 1576 601 cum
1590 539 1741 604 Salustio
1754 541 1811 605 in·-

405 642 627 712 tercesserint.
660 643 795 704 Horum
818 641 1107 706 calumniatorum
1130 641 1276 728 vestigia
1301 642 1517 706 Macrobium
1537 645 1795 712 Lactantiume

405 751 648 835 Symmachum
676 746 799 832 legisse
816 745 884 810 sibi
901 750 1121 832 persuadent,
1141 747 1190 811 ita
1206 757 1245 812 ut
1266 747 1408 812 nonnisi
1421 749 1503 812 Auli
1519 750 1625 814 Gellii
1640 761 1673 814 et
1684 751 1792 816 Dioni

404 854 510 918 Cassii
525 850 720 916 testimonia
739 851 807 914 sibi
827 851 1063 939 impugnanda
1085 854 1294 937 relinquant.

484 961 550 1022 Sed
570 958 721 1021 Gellium
737 959 1011 1044 varronemque,
1031 980 1117 1042 quos
1133 970 1232 1023 testes
1249 958 1467 1045 gravissimos
1492 979 1564 1024 esse
1583 981 1628 1024 ne
1643 961 1711 1045 ipsi
1727 961 1808 1045 qui-

405 1070 483 1128 dem
504 1083 629 1150 negare
646 1065 793 1146 audent,
813 1065 880 1125 hoc
904 1064 943 1125 in
965 1065 1042 1128 loco
1068 1085 1139 1128 non
1160 1065 1351 1128 audiendos
1371 1086 1459 1150 esse,
1479 1067 1569 1129 miro
1594 1071 1698 1132 modo
1723 1089 1807 1151 pro-

403 1173 521 1234 batum
540 1179 632 1234 cunt.
653 1169 769 1232 Alium
789 1167 881 1230 enim
893 1170 1094 1253 Varronem,
1111 1171 1226 1234 nescio
1246 1191 1366 1254 quem,
1388 1192 1459 1234 non
1478 1171 1592 1234 virum
1608 1172 1710 1235 illum
1726 1176 1807 1237 doo-

404 1277 587 1360 tissimum,
602 1275 663 1356 qui
677 1273 818 1336 Salustii
833 1274 974 1354 aequalis
989 1273 1073 1359 fuit,
1093 1277 1250 1338 hocloco
1268 1274 1418 1361 laudari,
1432 1285 1465 1340 et
1477 1277 1628 1340 Gellium
1643 1277 1756 1360 ipsum
1766 1278 1805 1342 in

401 1382 583 1444 laudandis
605 1379 809 1462 scriptorum
828 1379 996 1444 locisnon
1015 1379 1098 1442 satis
1117 1380 1321 1465 diligentem
1340 1380 1444 1446 luisse
1462 1383 1581 1446 multis
1596 1383 1805 1468 argumentis

401 1497 493 1550 extra
513 1506 651 1550 omnem
670 1485 922 1548 dubitationem
942 1485 1094 1568 positum
1116 1505 1188 1550 esse
1212 1485 1341 1550 dicunt.
1371 1489 1450 1550 Jam
1477 1509 1554 1550 cum
1579 1489 1648 1553 Dio
1672 1489 1805 1552 Cassius

400 1594 444 1656 sit
468 1593 637 1675 reliquus,
665 1591 727 1673 qui
747 1591 933 1654 Salustium
953 1593 1105 1657 avaritiae
1132 1601 1166 1657 et
1195 1595 1393 1678 rapinarum
1424 1592 1675 1658 insimularerit
1700 1593 1805 1656 etiam

399 1701 488 1764 hanc
509 1697 677 1760 maculam
702 1695 805 1760 facile
828 1696 901 1760 elui
923 1717 1022 1781 posse
1044 1696 1248 1762 existimant.
1282 1698 1407 1764 Caesari
1430 1699 1541 1784 enim,
1567 1719 1637 1762 non
1662 1698 1731 1762 sibi
1750 1717 1806 1762 ra.

399 1805 485 1887 puit.
529 1802 609 1878 Ejus
623 1799 721 1877 jussu
744 1811 837 1866 tanta
858 1803 1036 1868 atrocitate
1055 1804 1167 1868 socios
1187 1803 1341 1888 vexavit,
1371 1812 1410 1866 ut
1434 1803 1589 1884 quamvis
1608 1805 1805 1870 vexationes

398 1905 666 1991 provincialium
689 1915 800 1970 essent
825 1907 1110 1990 frequentissimae
1132 1918 1166 1972 et
1190 1911 1282 1972 hanc
1306 1909 1355 1971 ob'
1379 1928 1514 1971 oausam
1535 1907 1733 1993 impunitae,
1754 1918 1805 1972 ta-

400 2032 479 2074 mcn
489 2011 675 2074 Salustium
693 2012 833 2074 Caesaris
850 2013 999 2076 amicum
1019 2015 1289 2096 repetundarum
1310 2019 1515 2076 accusarent.
1535 2014 1601 2076 Sed
1617 2033 1719 2093 quem
1734 2016 1804 2076 Cae-

398 2136 453 2180 sar
474 2137 593 2199 rapere
608 2117 776 2206 jusserat,
803 2140 883 2185 eum
899 2119 1007 2186 iacere
1025 2139 1099 2183 non
1121 2119 1251 2205 potuit,
1271 2117 1357 2202 quin
1378 2116 1586 2186 defenderet.
1618 2118 1717 2178 Unde
1735 2117 1803 2180 iac·

399 2232 471 2286 tum
488 2233 551 2304 est,
566 2233 603 2287 ut
622 2228 689 2290 hoc
705 2227 850 2291 crimine
867 2227 1111 2298 absolveretur.
1139 2227 1298 2309 Magnas,
1317 2243 1401 2306 quas
1411 2233 1529 2307 postca
1544 2222 1647 2286 etiam
1660 2222 1804 2286 retinuit

399 2327 560 2411 divitias,
578 2349 648 2393 non
665 2332 795 2413 rapinis
818 2332 998 2412 quaesierat
1021 2373 1031 2404 ‚
1050 2334 1109 2394 sed
1137 2315 1277 2394 casaris
1298 2331 1401 2393 credo
1422 2327 1625 2392 liberalitati
1645 2337 1801 2412 acceptas

400 2433 527 2496 retulit.
549 2435 670 2498 Credat
681 2437 700 2496 J
703 2439 818 2499 udaeus
830 2437 961 2520 Apella.
988 2439 1076 2500 Nam
1088 2455 1143 2498 me
1166 2436 1307 2516 quidem
1328 2453 1431 2499 nemo
1449 2444 1546 2518 coget
1561 2432 1664 2496 etiam
1676 2431 1803 2496 fabulis

397 2549 432 2601 et
452 2538 701 2601 commenticiis
722 2540 823 2600 rebus
843 2540 947 2601 fidem
971 2541 1167 2622 adjungere.
1208 2542 1275 2600 Sed
1300 2538 1489 2602 accuratius
1511 2550 1588 2602 sunt
1604 2539 1803 2600 examinan-

398 2643 440 2702 da
463 2651 682 2724 argumenta,
707 2641 833 2720 quibus
855 2640 994 2701 Salustii
1013 2641 1208 2704 defensores
1225 2653 1257 2705 et
1275 2653 1544 2727 propugnatores
1562 2643 1615 2706 usi
1642 2651 1736 2726 sunt,
1763 2653 1801 2706 ut

397 2745 468 2822 ejus
494 2745 781 2809 existimationem
807 2745 972 2829 integram
998 2765 1069 2808 esse
1092 2749 1263 2809 docerent.
1301 2749 1402 2831 Quod
1424 2749 1584 2811 Lenaeum
1616 2749 1800 2811 multarum

396 2850 681 2912 contumeliarum
699 2861 870 2914 auctorem
882 2870 952 2913 esso
968 2850 1106 2936 dicunt,
1127 2854 1193 2916 boc
1209 2851 1487 2935 sibipersuadere
1503 2853 1679 2935 videntur,
1691 2852 1802 2916 satira)

396 2955 595 3038 scriptorem
611 2956 647 3020 id
663 2957 810 3020 maxime
824 2975 924 3042 agere
942 2966 979 3020 ut
993 2957 1081 3020 mira
1095 2967 1196 3040 atque
1214 2958 1435 3022 incredibilia
1448 2958 1549 3021 dicat.
1569 2956 1734 3040 Alioquin
1745 2956 1803 3020 vix

397 3061 472 3122 lieri
488 3072 638 3146 poterat,
649 3073 686 3124 ut
698 3064 898 3147 scriptorem
915 3087 986 3130 non
998 3067 1303 3150 contemnendum,
1315 3085 1417 3146 quem
1427 3062 1561 3125 Plinius
1573 3063 1803 3146 grammaticae

396 3165 478 3226 artis
493 3167 728 3228 doctissimum
742 3169 845 3250 dicit,
859 3170 1047 3250 (H.N.Lib.
1059 3172 1159 3233 XXV.
1168 3191 1195 3232 o.
1205 3169 1249 3250 a.)
1262 3169 1517 3249 insimularent,
1538 3187 1626 3229 rana
1640 3177 1673 3230 et
1684 3167 1802 3230 inania

396 3271 645 3354 conscripsisse,
660 3281 698 3332 ut
713 3272 869 3336 dolorem
888 3273 1038 3355 expleret
1051 3281 1193 3356 propter
1206 3272 1344 3355 patroni
1361 3271 1506 3350 injurias
1523 3280 1726 3357 susceptum.
1736 3270 1801 3355 28.)

478 3524 553 3604 ad)
575 3521 642 3586 Csr.
662 3525 790 3586 Sueton
806 3526 850 3586 de
866 3521 1059 3586 illustribus
1074 3523 1313 3590 Grammaticis
1328 3547 1357 3590 c.
1372 3529 1419 3592 15.
1449 3527 1608 3589 Ceterum
1625 3523 1705 3588 satis
1719 3541 1804 3586 con·

393 3639 474 3713 stat,
497 3630 651 3692 Cortium
675 3628 913 3712 potissimum,
938 3629 1158 3692 Wielandum
1180 3641 1282 3712 atque
1298 3629 1520 3695 Debrossium
1543 3629 1730 3692 Salustium
1748 3628 1804 3692 iu·

394 3733 514 3819 lamia,
535 3756 602 3816 qua
626 3738 737 3799 adhuc
765 3737 983 3820 flagraverat,
1003 3736 1151 3801 liberare
1170 3737 1347 3802 studuisse.
1376 3739 1443 3800 Sed
1465 3757 1568 3818 quam
1589 3734 1661 3812 ejus
1683 3733 1804 3798 delen-

395 3841 500 3901 dcndi
518 3841 687 3904 rationem
703 3841 875 3926 inierunt,
893 3863 932 3904 ca
951 3841 1167 3926 gravioribus
1185 3841 1269 3906 viris
1287 3843 1344 3905 vix
1365 3841 1577 3926 probabitur.
1607 3843 1684 3902 Non
1707 3839 1803 3906 enim

393 3945 578 4008 Salustium
602 3950 657 4010 scd
694 3968 829 4010 morum
859 3947 1031 4010 levitatem
1059 3947 1258 4011 defendunt.
1298 3950 1413 4032 Quare
1436 3945 1634 4030 nuperrime
1656 3944 1804 4008 Muelle-

395 4072 452 4115 rus
472 4051 538 4113 alia
557 4052 613 4115 via
631 4052 802 4137 ingressus
824 4065 890 4130 est3
911 4056 970 4115 scd
989 4074 1032 4120 ne
1051 4053 1120 4117 sibi
1138 4053 1279 4134 quidem
1294 4050 1496 4118 satisfecisse
1507 4051 1660 4134 videtur,
1673 4051 1803 4114 nedum

393 4158 471 4222 aliis
493 4177 631 4224 suarum
652 4158 856 4242 opinionum
878 4169 1070 4223 commenta
1094 4160 1321 4242 persuaderet.

476 4281 525 4344 ²7·
546 4261 612 4326 Csr.
632 4263 794 4329 bluelleri
814 4265 1137 4331 commentationem
1156 4266 1200 4329 de
1219 4266 1254 4327 C.
1272 4261 1421 4328 Salustio
1441 4260 1572 4347 Crispo.
1599 4259 1690 4345 Lips.
1710 4259 1799 4340 1817.
