4108 4976
393 405 467 486 536

385 627 462 672 rum
481 617 612 674 nomen
630 607 677 670 ad
697 605 886 672 Germanos
905 597 1121 672 transferunt.
1151 601 1219 666 hoo
1249 603 1344 668 enim
1371 603 1451 669 loco
1472 603 1629 672 cimbros
1650 611 1684 672 et
1700 607 1814 675 Teu?

385 724 486 780 tonos
505 712 694 799 significari
715 711 890 777 neminem
909 709 1010 796 fugit.
1048 712 1115 775 Sed
1129 709 1202 789 jnm
1218 709 1467 793 antiquissimis
1490 711 1792 797 temporibusGer-

384 837 503 884 manos
523 839 601 882 cum
618 811 1029 898 Gallisssmixtos‘ltaliam
1043 815 1206 881 invasisse
1217 823 1311 880 extra
1322 817 1717 885 omnemdubitationen
1725 841 1792 905 po-
1904 887 1909 894 ,

385 925 490 990 situm
509 942 580 988 esse
598 924 745 994 videtur.
765 932 916 986 ceterum
939 924 983 988 de
1005 920 1185 985 Gallorum
1205 921 1349 986 nomine
1367 921 1447 986 vide
1460 923 1692 988 Dukerumad
1701 925 1791 990 Flor.

386 1035 412 1094 3.
426 1036 456 1096 3.
480 1051 512 1092 n.
531 1053 555 1092 ι.
584 1035 868 1095 contremuerat.
894 1023 1146 1094 intumuerat.
1171 1029 1272 1090 Tour.
1301 1027 1391 1091 illud
1410 1028 1532 1094 verius.
1557 1028 1627 1091 Cic.
1650 1031 1694 1094 de
1713 1031 1789 1120 Diu.

386 1157 413 1204 ι.
429 1137 478 1197 28.
506 1155 562 1198 me
589 1131 850 1199 contremuisse
878 1129 1010 1197 timore
1033 1127 1285 1215 peremtum.
1302 1167 1343 1183 -
1366 1128 1524 1197 vinctum
1544 1131 1681 1198 adduci
1699 1135 1792 1219 (lto-

385 1263 481 1308 mam
491 1239 634 1324 omisso)
645 1235 872 1302 nunciatum.
880 1238 982 1326 Taur.
995 1257 1071 1320 quae
1082 1235 1224 1318 quidem
1238 1235 1343 1302 lectio
1356 1237 1446 1302 mihi
1459 1238 1710 1324 elegantissima
1720 1257 1792 1308 esso

384 1349 530 1414 videtur.
551 1343 768 1410 nunciatum
789 1348 853 1405 est.
884 1348 938 1405 est
959 1363 1025 1406 om.
1045 1346 1173 1418 Vens.
1191 1338 1327 1433 santus
1346 1351 1400 1406 est
1420 1349 1466 1406 et.
1499 1339 1603 1407 etiam
1621 1346 1689 1407 hoc
1712 1347 1791 1410 loco

386 1463 439 1520 est
467 1453 585 1516 delent
614 1451 705 1512 Med.
720 1466 749 1509 2.
778 1450 895 1524 Vati.
911 1452 938 1510 5.
968 1449 1088 1531 planet.
1117 1443 1313 1515 Januarii.
1343 1449 1432 1513 Flos.
1448 1470 1475 1511 ι.
1496 1451 1581 1514 Ven.
1598 1471 1624 1510 ι.
1638 1465 1667 1525 4.
1695 1453 1791 1533 quod

384 1558 525 1621 fortasse
546 1554 681 1619 rectius.
707 1557 769 1619 Ex
789 1575 832 1616 ea
853 1560 1073 1636 tempestate.
1096 1573 1141 1617 ex
1161 1573 1228 1617 om.
1249 1556 1334 1620 Ven.
1347 1570 1378 1630 4.
1398 1557 1472 1620 Vnt.
1487 1559 1515 1618 5.
1538 1555 1628 1622 Flor.
1644 1578 1690 1618 ιι.
1715 1577 1791 1639 quae

385 1665 479 1725 haud
500 1659 606 1724 dubie
624 1659 842 1744 prestantior
862 1667 912 1722 est
938 1658 1058 1722 lectio=
1089 1658 1272 1722 nonenim
1293 1659 1337 1721 ub
1358 1679 1400 1724 eo
1420 1660 1504 1724 inde
1524 1668 1676 1744 tempore
1698 1671 1792 1728 tants

273 1796 283 1813 ·
389 1765 687 1830 Mnriiauctoritas
707 1762 790 1846 fuit,
810 1766 870 1827 sed
891 1782 933 1827 eo
955 1771 1117 1846 tempore,
1138 1782 1208 1856 quo
1228 1783 1282 1827 res
1295 1767 1452 1828 Romana
1471 1765 1509 1828 in
1530 1785 1697 1830 summum
1719 1767 1791 1832 dis-

389 1871 519 1936 crimen
547 1879 619 1934 erat
644 1872 806 1952 adducta,
836 1869 928 1935 salus
956 1868 1155 1952 reipubliooe
1186 1868 1224 1931 in
1244 1887 1286 1933 eo
1303 1869 1416 1953 posita
1435 1867 1512 1933 fuit.
1533 1869 1593 1932 etr.
1613 1871 1701 1936 Flos.
1716 1875 1745 1935 3.
1758 1877 1790 1936 3.

386 1979 525 2044 Actum
548 1982 646 2059 erat,
675 1970 749 2037 nisi
766 1971 916 2038 Marius
937 1968 996 2034 itti
1013 1973 1161 2047 saeculo
1183 1969 1405 2061 contigisset.
1446 1975 1601 2040 Ceterum
1628 1971 1708 2038 finis
1731 1977 1792 2041 Ju-

386 2083 535 2166 gurthae‚
565 2081 640 2162 qui·
658 2077 838 2143 nonnullis
866 2077 1045 2162 abruptior
1063 2095 1134 2145 esse
1153 2078 1349 2162 videbatur,
1375 2085 1531 2146 extremo
1552 2079 1790 2159 conjurationi

388 2187 541 2252 Catilinae
562 2187 655 2251 haud
675 2181 844 2250 absimilis
864 2191 922 2247 est.
