4108 4976
265 601 304 664 in
324 599 439 664 Africa
466 605 501 664 et
521 604 640 663 contra
657 599 815 666 Cimbros
833 605 868 664 et
883 601 1057 666 Teutonos
1080 607 1191 688 gestas
1209 601 1421 685 pertineant,
1446 593 1668 662 Plutarchum

266 725 306 772 ex
338 705 442 770 Sullae
476 705 730 769 commentariis
762 705 961 790 hausides)
1010 708 1137 772 Praeter
1167 709 1231 772 hos
1271 707 1472 792 scriptores,
1513 701 1574 784 qui
1610 719 1670 785 pe·

266 809 453 876 culiaribus
473 809 573 872 libris
593 818 652 874 aut
678 813 720 874 de
739 810 834 874 bello
852 809 1079 896 iugurthino,
1099 819 1158 874 ant
1179 811 1222 875 dc
1241 810 1324 874 viris
1345 810 1564 894 scripserunt,
1585 824 1670 887 quo-

266 934 344 976 rum
365 933 470 998 opera
488 913 527 976 in
537 913 592 976 his
611 915 715 980 rebus
734 913 846 979 hrerat
864 914 1051 998 precipua,
1070 917 1180 978 multa
1198 917 1290 998 apud
1311 922 1464 978 auctores
1474 911 1600 997 passim
1614 929 1670 973 oc-

268 1027 425 1102 currunt,
445 1031 522 1099 quae
542 1021 586 1081 ad
608 1019 742 1084 bellum
760 1019 1008 1104 iugurthinum
1027 1021 1210 1104 pertinent.
1249 1021 1315 1083 Sed
1337 1039 1414 1082 cum
1436 1020 1480 1079 ad
1501 1035 1576 1078 eam
1595 1033 1669 1078 rem

267 1123 508 1186 illustrandam
536 1123 628 1186 nihil
660 1122 802 1207 faciant,
844 1143 884 1186 ca
912 1123 1051 1188 silentio
1085 1123 1343 1207 pretermittere
1383 1121 1508 1186 melius
1546 1119 1670 1184 visum.

269 1228 432 1313 Quamvis
452 1228 545 1291 enim
566 1226 834 1310 Freinshemius,
860 1236 893 1292 et
912 1236 1030 1310 postea
1049 1227 1267 1308 Debrossius,
1289 1228 1350 1308 qui
1370 1236 1404 1291 et
1421 1226 1489 1310 ipsi
1507 1222 1595 1288 belli
1610 1224 1671 1284 Ju-

269 1331 426 1418 gurthini
446 1333 628 1396 historiam
647 1333 872 1417 scripserunt,
903 1333 1012 1394 multa
1035 1340 1212 1396 auctorum
1232 1333 1311 1396 loca
1332 1336 1588 1415 congesserunt,
1619 1335 1672 1389 ta-

269 1455 350 1500 men
376 1436 549 1500 levissima
574 1445 672 1521 sunt,
699 1437 737 1499 in
764 1435 890 1518 quihus
915 1435 1054 1498 Salustii
1082 1436 1319 1499 auctoritatem
1347 1435 1567 1518 impugnant;
1602 1430 1673 1494 imo

270 1539 524 1606 Freinshemius
543 1541 761 1624 potissimum
786 1542 896 1604 multa
923 1540 1030 1604 solius
1058 1540 1296 1605 ostentationis
1318 1557 1418 1602 causa
1442 1539 1599 1599 laudasse
1621 1534 1674 1597 vi-

270 1645 386 1726 detur,
406 1664 482 1726 que
502 1644 532 1708 si
550 1646 755 1732 perlegeris,
783 1645 873 1709 nihil
894 1645 1067 1725 invenies,
1094 1646 1221 1722 quibus
1240 1643 1380 1705 Salustii
1400 1642 1546 1706 historia
1566 1641 1674 1704 fusius

270 1747 472 1830 explicetur
485 1756 587 1826 atque
606 1749 807 1810 illustretur.
856 1747 969 1826 Quare
991 1743 1110 1806 ceteris
1126 1745 1351 1827 scriptoribus
1363 1746 1604 1828 comparandis
1616 1745 1674 1807 vix

270 1849 347 1914 ficri
368 1867 466 1932 posse
486 1849 638 1931 videtur,
658 1856 712 1930 ut,
732 1854 858 1928 quanta
879 1845 963 1910 fides
984 1846 1143 1910 habenda
1163 1847 1207 1910 sit
1226 1848 1391 1932 Salustio,
1416 1849 1580 1932 explores.
1606 1847 1675 1912 Sed

273 1951 382 2034 ipsius
401 1951 600 2016 Salustianae
621 1949 789 2014 orationis
809 1968 849 2013 ea
867 1949 920 2012 vis
941 1958 1006 2033 est,
1027 1951 1350 2035 atquepraestantia,
1369 1961 1408 2016 ut
1420 1961 1588 2034 quantum
1602 1953 1676 2034 ejus

269 2055 403 2134 judicio
433 2057 655 2118 tribuendum
674 2055 745 2138 sit,
776 2053 877 2118 facile
903 2055 1097 2118 constituas.
1146 2058 1221 2141 Qua
1241 2056 1348 2140 igitur
1368 2075 1468 2120 causa
1488 2059 1555 2121 hoc
1576 2077 1677 2143 argu·

272 2170 428 2226 mentum
455 2161 621 2224 Salustius
648 2160 716 2224 sibi
739 2162 952 2222 tractandum
979 2159 1154 2242 sumserit,
1183 2159 1256 2243 ipsc
1277 2161 1442 2243 exposuit.
1463 2161 1508 2243 (c.
1522 2158 1568 2243 4.)
1608 2162 1677 2225 Res

274 2266 377 2330 enim·
391 2274 424 2330 et
443 2284 506 2349 per
525 2285 561 2331 se
582 2263 748 2328 memoria
768 2263 888 2347 digna,
909 2272 943 2326 ct
964 2281 1005 2326 eo
1025 2263 1121 2327 hello
1141 2263 1273 2326 semina
1294 2264 1467 2328 malorum
1481 2265 1572 2343 Jacta
1587 2273 1678 2348 sunt,

275 2370 402 2452 quibus
418 2389 472 2433 res
492 2371 648 2452 Romana
668 2369 708 2431 in
727 2388 898 2432 summum
919 2387 1027 2452 paene
1047 2368 1233 2434 discrimen
1254 2370 1400 2432 adducta
1420 2379 1480 2437 est.
1519 2369 1586 2433 Sed
1597 2389 1679 2433 con·

276 2473 396 2536 silium
424 2481 524 2538 tantae
551 2473 603 2538 rei
633 2472 822 2537 scribendae
842 2481 915 2536 tum
935 2474 1086 2556 primum
1108 2475 1234 2558 cepisse
1253 2474 1406 2559 videtur,
1434 2494 1512 2538 cum
1532 2492 1680 2559 procon-

275 2577 347 2660 sul,
367 2577 538 2642 Numidiae
555 2577 771 2662 prepositus,
798 2577 875 2640 loca
894 2577 958 2640 ubi
979 2577 1109 2641 bellum
1130 2577 1223 2642 illud
1242 2586 1374 2663 gestum
1394 2579 1523 2662 fuerat,
1544 2595 1681 2642 accura-

275 2682 344 2748 tius
374 2682 543 2768 cognovit.
591 2687 709 2765 Neque
737 2691 850 2748 tamen
880 2686 969 2748 hanc
995 2683 1195 2768 primariam
1226 2703 1362 2748 causam
1389 2683 1494 2750 luisse
1525 2682 1681 2753 dixerim.

172 2805 176 2812 ’
278 2785 430 2850 Partium
451 2787 566 2850 studio
587 2787 703 2869 potius
722 2805 801 2852 eum
822 2787 1007 2868 impulsum
1028 2785 1132 2852 fuisse
1153 2788 1348 2852 credideris.
1390 2789 1475 2850 Cum
1496 2787 1589 2849 enim
1605 2787 1682 2868 ipse

278 2889 417 2956 cesaris
434 2901 546 2973 partes
572 2898 703 2958 secutus
726 2899 824 2970 esset,
841 2889 1007 2970 illamque
1029 2891 1248 2972 optimatium
1268 2890 1454 2954 factionem
1474 2889 1557 2952 odio
1577 2891 1682 2956 habe-

277 3003 347 3070 ret,
373 2993 474 3058 facile
502 2994 540 3056 in
568 2993 722 3056 animum
752 2992 890 3054 induxit
921 3011 976 3056 eas
1005 3011 1059 3056 res
1078 2994 1303 3076 perscribere,
1344 2993 1470 3074 quibus
1498 3001 1591 3055 tanta
1619 2993 1682 3056 illa

278 3097 471 3161 nobilitatis
498 3097 700 3180 perversitas
727 3095 929 3179 aperiretur.
976 3097 1015 3156 ld
1045 3098 1138 3175 quod
1173 3095 1300 3158 tactum
1334 3105 1383 3159 est
1416 3104 1569 3178 tempore
1593 3095 1682 3160 belli

277 3201 489 3288 iugurthini,
508 3201 579 3285 ubi,
600 3221 677 3264 cum
689 3199 830 3263 Tiberio
853 3210 887 3262 et
908 3198 987 3277 Cajo
1003 3199 1165 3261 Gracchis
1185 3199 1390 3284 interfectis,
1410 3209 1547 3267 senatus
1565 3211 1684 3264 aucto·
1767 3241 1769 3254 ·

280 3305 362 3369 ritas
382 3306 529 3368 maxima
548 3305 741 3386 rideretur,
769 3304 921 3387 primurn
942 3301 1076 3373 inventi
1095 3312 1192 3386 sunt,
1211 3305 1273 3384 qui
1293 3305 1468 3387 intrepido
1487 3305 1605 3368 animo
1626 3325 1683 3368 au·

278 3409 407 3494 perbiee
427 3418 460 3471 ct
480 3408 685 3494 arrogantie
706 3407 898 3471 nobilitatis
926 3407 1130 3489 resisterent,
1159 3421 1192 3470 et
1212 3410 1350 3490 plebem
1369 3409 1531 3474 servitute
1545 3429 1686 3494 oppres-

280 3532 352 3578 sam
381 3513 418 3574 i‘n
439 3512 632 3590 libertatem
652 3510 876 3576 vindicarent.
924 3511 1079 3594 Quorum
1097 3509 1240 3592 quidem
1260 3513 1406 3578 consilia
1423 3533 1501 3576 curn
1520 3513 1687 3584 Salustius

280 3619 456 3699 probaret,
476 3615 532 3677 his
552 3617 653 3678 rebus
672 3613 888 3676 illustrandis
907 3614 1097 3696 plurimum
1119 3616 1225 3678 studii
1246 3618 1421 3700 adhibuit,
1442 3637 1554 3698 neque
1567 3637 1685 3698 quem-

282 3739 386 3800 quam
405 3723 472 3782 hoc
493 3720 599 3783 latere
620 3718 820 3802 putaverim,
839 3726 967 3799 quanta
988 3739 1066 3781 cum
1089 3729 1160 3782 arte
1173 3721 1329 3782 Memmii
1351 3729 1385 3784 et
1400 3719 1502 3782 Marii
1514 3719 1686 3784 orationes

283 3823 415 3906 scriptae
445 3826 531 3907 sint,
558 3823 684 3905 quibus
705 3822 923 3905 optimatium
943 3823 1028 3884 vitia
1048 3823 1269 3905 exagitantur.
1309 3824 1375 3886 Sed
1395 3841 1467 3883 non
1488 3842 1527 3888 ea
1546 3820 1614 3886 fuit
1628 3823 1685 3886 in·
1717 3821 1722 3826 ’

281 3927 376 4011 genii
395 3928 598 4009 perversitas
619 3927 657 3988 in
676 3925 838 4008 Salustio,
858 3935 911 4008 ut,
932 3927 1025 4005 quod
1046 3925 1130 4008 ipse,
1150 3925 1323 3988 nobilium
1351 3925 1494 3990 factioni
1516 3927 1684 3991 inimicis·

285 4032 408 4114 simus,
431 4031 554 4113 populi
574 4039 685 4113 partes
707 4028 858 4111 fovebat,
892 4029 1068 4095 veritatem
1089 4030 1291 4108 inflecteret,
1324 4039 1357 4096 et
1376 4031 1415 4098 in
1435 4031 1580 4098 historia
1600 4031 1684 4098 scri·

305 4207 336 4292 ⁸)
360 4211 412 4270 clr.
428 4208 465 4269 dc
483 4183 569 4268 Font.
594 4223 623 4270 et
640 4210 890 4277 incutiamus.
