4116 4970
412 377 461 453 88

496 442 531 480 l

416 569 596 649 increpat.
617 563 712 646 quod
729 559 831 647 pauci
851 557 936 623 libri
953 559 1102 643 babent,
1121 559 1338 646 prestantior
1352 558 1467 633 lectio.
1488 557 1615 626 formas
1629 543 1724 626 enini
1736 583 1812 631 ver·

416 677 540 739 borum
561 667 693 732 variare
712 674 804 729 emet
822 664 1012 730 Salustius:
1034 666 1128 747 quod
1147 683 1250 749 supra
1270 673 1320 730 est
1340 663 1521 728 monitum.
1562 671 1815 754 quamplures

415 798 479 863 pro
501 775 703 864 complures
724 770 826 834 etiem
846 769 1011 834 hocloco
1031 769 1122 838 Med.
1139 770 1168 832 5.
1200 770 1262 834 sed
1283 770 1374 832 idem
1394 770 1500 852 paulo
1521 769 1614 834 iufra
1633 793 1716 836 cunr
1731 776 1816 857 pla-

418 880 525 946 ribus
537 878 631 960 quod
651 895 771 939 eorum
791 873 905 940 firmat
926 873 1127 960 opinionem
1148 871 1329 955 quiquam
1344 876 1472 957 plures
1492 893 1644 940 errorem
1654 875 1817 943 librario·

416 1006 492 1050 rum
518 1002 590 1048 osse
617 988 777 1044 statuunt.
800 978 955 1063 praeda.
976 976 1037 1040 eir.
1054 976 1147 1040 infra
1167 997 1240 1062 cap.
1262 979 1312 1054 48.
1331 998 1419 1041 ιιαιιι
1439 977 1517 1043 alia
1539 978 1625 1044 belli
1632 974 1816 1072 facinora

410 1089 572 1174 praedae
590 1081 708 1174 magis
729 1072 838 1167 quain
860 1079 1076 1148 detrimento
1095 1077 1189 1168 sore.
1209 1081 1334 1146 lustin.
1350 1086 1400 1146 δι.
1419 1103 1446 1144 ι.
1470 1077 1508 1147 in
1526 1103 1621 1168 spem
1639 1083 1748 1174 regni
1759 1107 1815 1150 re·

417 1191 527 1258 lictus
535 1191 725 1276 ‚praedae
751 1185 861 1254 etiarn
892 1184 1098 1252 domesticis
1114 1181 1251 1277 suerat
1270 1221 1313 1241 -
1342 1188 1575 1256 cohortatus.
1612 1189 1735 1276 supple
1760 1208 1818 1255 eos

415 1301 509 1382 quod
529 1297 652 1381 saepius
671 1314 692 1357 a
711 1303 829 1358 nostro
849 1291 1024 1358 omissum.

496 1405 577 1485 Cap.
585 1400 690 1463 XXII.
711 1393 871 1464 adiceret
880 1396 936 1462 rel
952 1389 1148 1461 addiceret.
1166 1394 1375 1460 omueslibri
1389 1393 1518 1479 Italici,
1538 1396 1720 1479 quosvidi:
1740 1417 1816 1479 que.
1905 1487 1911 1496 δ

420 1505 589 1591 scriptura
611 1523 688 1568 curn
711 1503 814 1566 etiam
835 1510 1026 1566 ceterorum
1046 1499 1217 1564 librorum
1226 1519 1392 1564 consensu
1400 1497 1621 1584 defendatur,
1640 1502 1820 1566 retinenda

418 1619 478 1675 est.
496 1615 632 1694 poteret
652 1606 793 1690 quidem
814 1604 982 1671 confundi
1001 1623 1082 1668 cum
1095 1605 1204 1668 altero
1222 1605 1330 1669 verbo
1349 1599 1508 1692 adjicere
1535 1609 1628 1686 quod
1649 1614 1684 1668 et
1706 1606 1820 1688 ipsum

381 1783 384 1788 ,
419 1711 564 1780 adicere
582 1713 805 1776 scribebatur.
817 1713 885 1776 Sed
904 1711 972 1775 boc
987 1708 1080 1772 nihil
1096 1710 1140 1773 ed
1154 1728 1238 1774 rem.
1258 1716 1377 1772 contra
1396 1707 1435 1772 in
1457 1709 1616 1772 omnibus
1634 1708 1736 1774 libris
1755 1730 1820 1794 pro

427 1817 508 1896 cajo
528 1827 561 1882 et
581 1815 697 1896 Cncjo.
716 1817 758 1878 G.
778 1823 812 1880 et
833 1816 898 1879 Gn.
921 1813 1106 1900 scriptum,
1126 1812 1281 1896 quamvis
1301 1812 1467 1897 Quinctil.
1478 1815 1552 1880 hec
1566 1814 1707 1876 nomina
1718 1813 1821 1878 litere

417 1925 453 1986 C.
472 1920 594 2004 scribi,
611 1923 673 1986 sed
691 1922 731 1982 G.
751 1918 971 2005 pronuntiari
991 1922 1102 1982 docet.
1117 1913 1311 2002 popularis
1330 1917 1475 2002 proprie
1502 1916 1656 2002 διμιἹιιιός
1671 1920 1740 1983 hoc
1759 1939 1822 1984 no-

417 2026 512 2090 rnine
533 2025 652 2090 omnia
672 2024 835 2088 dicuntur
855 2043 931 2106 quae
948 2027 992 2086 ad
1000 2023 1170 2108 populum
1188 2020 1379 2106 pertinent,
1400 2043 1476 2104 quae
1497 2021 1635 2106 eigrata
1654 2022 1821 2088 etusitata

414 2140 502 2198 sunt.
511 2128 687 2216 Salustius,
706 2129 767 2212 qui
781 2127 932 2208 ejusdem
943 2126 1209 2212 lectionissuut,
1230 2126 1517 2212 popularesdixit,
1529 2126 1819 2213 quesigniiicatio

418 2236 602 2320 indeortu⁷
623 2236 719 2316 quod
737 2233 800 2318 qui
812 2232 965 2314 ejusdem
985 2232 1097 2319 gentis
1122 2231 1275 2297 nationis
1294 2231 1424 2319 lingue
1443 2231 1821 2315 societatejunctisunt,

405 2317 1821 2426 'propriepopularesdicuntuncir.Dou.inTer.Adelpb.n.r.popularitasinom-

418 2436 774 2508 nisreiconsortium
801 2435 1202 2524 comitumqemrePlaut.
1222 2443 1327 2507 Poen.
1343 2442 1372 2504 5.
1387 2457 1415 2502 2.
1427 2440 1821 2527 &popularitatempro

419 2543 662 2624 conjunctione
680 2544 778 2608 dixit.
798 2549 859 2609 sed
877 2549 946 2608 huc
964 2567 1036 2610 ιιοιι
1056 2548 1205 2632 pertinet
1224 2546 1488 2611 ciceronianum
1507 2547 1598 2610 illud
1616 2565 1681 2632 pro
1700 2547 1820 2614 coelio

421 2668 468 2730 29.
491 2657 558 2711 tua
579 2648 708 2712 domus
723 2645 938 2734 popularis,
968 2649 1126 2714 ministra
1145 2648 1236 2713 illud
1257 2651 1351 2714 enim
1370 2653 1523 2718 acerbe·
1511 2661 1550 2716 ιιι’
1570 2652 1727 2718 Clodiam
1748 2653 1823 2718 die·

417 2855 677 2950 quodfactum
691 2854 854 2944 primurn
865 2859 1069 2944 populares
1088 2821 1363 2950 conjurationis
1378 2870 1624 2927 concusserat.
1641 2863 1758 2929 Seuec.
1779 2863 1822 2928 de

417 2963 489 3027 vita
511 2967 557 3027 ιι.
570 2985 618 3028 ιι.
637 2962 763 3028 stoicos
781 2983 862 3028 suos
877 2966 1078 3047 populares,
1097 2963 1200 3048 dicit,
1220 2964 1303 3046 quia
1332 2974 1366 3031 et
1396 2967 1470 3050 ipse
1499 2968 1641 3032 stoicam
1666 2966 1822 3052 discipli-

417 3086 499 3132 nam
519 3069 691 3152 protessns
711 3079 772 3137 est.
786 3075 961 3155 poteram
977 3078 1011 3134 et
1022 3063 1260 3158 circumferre
1274 3069 1497 3136 insacrificiis
1506 3071 1822 3158 propriavoeebule

419 3189 490 3236 esse
510 3182 674 3238 notarunt
698 3174 911 3258 interpretes.
932 3173 992 3238 cfr.
1013 3177 1100 3242 Non.
1122 3175 1227 3240 Marc.
1248 3193 1278 3252 4.
1294 3197 1345 3258 70.
1367 3186 1400 3242 et
1419 3179 1528 3242 Varro
1547 3181 1584 3242 L.
1599 3180 1638 3242 L.
1651 3193 1681 3254 4.
1696 3181 1745 3268 eb.
1766 3173 1823 3240 in·

339 3353 341 3358 ,
418 3279 524 3345 dc-
481 3275 836 3365 -degastovissent
857 3275 940 3340 inde
965 3295 1030 3360 pro
1051 3297 1092 3342 ex
1112 3299 1201 3361 quo,
1222 3281 1266 3344 de
1285 3300 1356 3363 quo
1376 3280 1481 3346 etiem
1499 3283 1580 3348 aliis
1599 3259 1822 3366 scriptoribus

420 3383 592 3448 usitatum.
624 3377 683 3443 cir.
704 3379 773 3444 Cic.
802 3399 853 3463 pr.
875 3381 974 3444 Rosc.
1002 3382 1078 3444 Am.
1114 3397 1164 3462 ²7·
1198 3401 1282 3459 «ex
1313 3384 1458 3452 avaritie
1492 3397 1649 3474 erumpat
1677 3385 1821 3485 audacie

419 3504 555 3556 neceue
574 3489 641 3561 est;
662 3479 745 3547 inde
764 3484 1018 3550 omniascelora
1038 3484 1258 3570 gignuntur.”
1281 3490 1475 3579 degustare
1494 3495 1579 3560 alies
1597 3514 1674 3578 cum
1686 3511 1821 3566 ιοιιιιι-

426 3588 499 3657 tiro
520 3587 739 3653 construitur.
767 3587 936 3652 Salustius
963 3588 1117 3654 Graecam
1146 3594 1434 3660 constructionem
1460 3599 1622 3694 pretulit.
1663 3596 1766 3663 ofn’
1743 3625 1820 3668 oro-

421 3694 577 3784 piceae.
600 3701 752 3759 ceterum
773 3692 877 3760 etiam
897 3696 989 3781 apud
1009 3693 1098 3760 elios
1116 3697 1264 3783 populos
1284 3697 1390 3766 moris
1411 3699 1533 3788 tuisse,
1552 3703 1754 3790 sanguine
1738 3705 1821 3768 hau·

419 3810 471 3865 sto
491 3802 631 3867 foedera
648 3800 786 3867 firmare
805 3801 887 3866 setis
907 3811 1049 3869 constat.
1069 3805 1236 3889 Pompon.
1258 3805 1404 3874 Melon
1432 3828 1461 3870 1.
1479 3808 1588 3872 Tacit.
1604 3811 1695 3878 Arm
1705 3829 1753 3871 ιι.
1770 3807 1818 3888 87

426 3901 730 3970 aseer-ationem
720 3927 744 3970 1.
756 3925 787 3976 e.
802 3925 942 3991 eorum,
954 3909 1298 3991 quiconjurationem
1319 3911 1561 4001 prodidissent.
1581 3912 1700 3978 Nam
1689 3933 1728 3976 ιιι
1748 3910 1821 3976 toe-

379 4053 382 4058 -
420 4006 708 4093 deresanciendo,
727 4010 956 4094 societateque
970 4011 1150 4100 jungenda
1169 4015 1237 4078 boc
1257 4015 1421 4092 usitatum
1441 4015 1545 4082 tuisse
1562 4017 1666 4102 plura
1677 3998 1820 4099 antiquo

420 4111 728 4197 rumscriptorum
751 4115 829 4180 loca
856 4119 990 4182 docent.
1021 4119 1102 4185 vide
1122 4117 1191 4183 cie.
1211 4138 1275 4205 pro
1296 4118 1420 4184 Sextio.
1439 4143 1470 4202 7.
1503 4121 1602 4187 hunc
1621 4117 1821 4215 Pompejus

420 4217 522 4287 omni
541 4213 731 4304 cautione,
741 4214 897 4322 foedere
920 4220 1170 4292 exsecratione
1189 4219 1396 4292 divincerat
1414 4234 1477 4293 etc.
1495 4228 1574 4293 Tac.
1604 4227 1692 4292 Hist.
1713 4243 1744 4302 4.
1773 4227 1819 4290 1⁵.
