4108 4976
1498 450 1504 460 ’
1587 438 1697 520 39Γ

257 629 336 694 Tac.
357 624 444 689 Hist.
457 642 486 686 o.
500 629 550 700 45.
575 621 688 709 prima
705 621 796 686 acies
816 619 940 708 igitur,
970 637 1046 701 que
1063 616 1102 680 in
1119 617 1227 682 latere
1247 617 1367 678 dextro
1388 611 1552 679 instnsctn
1565 624 1663 704 erat,

257 751 330 796 non
349 739 442 796 recta
461 733 505 794 ad
526 733 660 794 hostem
675 727 836 812 tetendit,
855 730 915 792 sed
937 723 1119 791 ordinibus
1137 719 1278 789 servatis
1298 739 1363 806 per
1381 720 1564 804 obliquum
1582 741 1665 808 pro-

258 835 358 902 cessit
375 844 408 902 et
423 835 576 900 hostium
596 835 782 900 exereitum
802 835 995 917 praecedere
1020 829 1144 914 coepit.
1166 829 1204 892 id
1221 828 1421 904 abauotore
1443 824 1665 894 transvorsis

252 937 452 1025 principiis
472 941 615 1024 dieitur,
636 939 718 1021 quia
735 921 902 1004 Metellus
911 957 982 1002 non
1001 937 1041 999 in
1057 937 1218 1019 eandem,
1237 953 1341 1016 quam
1351 935 1476 1019 hostes,
1484 933 1663 1022 regionem

166 1037 174 1056 '
253 1047 368 1124 duxit,
398 1048 459 1110 sed
482 1048 601 1111 eadem
621 1045 695 1129 ria,
716 1065 784 1126 qua
809 1052 963 1108 montem
984 1043 1200 1126 ascenderat,
1222 1039 1388 1126 progredi
1413 1041 1543 1132 coepit,
1575 1061 1664 1123 quae

252 1159 343 1216 reete
363 1161 554 1216 transversa
583 1151 725 1236 dicitur,
754 1151 784 1215 si
807 1151 949 1233 quidem
973 1157 1065 1213 recta
1081 1148 1139 1211 via
1156 1149 1200 1210 ad
1219 1146 1353 1211 hostem
1370 1145 1511 1210 ferebat.
1541 1148 1663 1214 eodem

254 1259 358 1320 modo
382 1275 455 1340 cap.
478 1277 546 1338 seq.
575 1265 782 1321 transversa
806 1251 952 1340 proelia
979 1255 1143 1318 dicuntur
1170 1252 1318 1339 impetus
1344 1252 1383 1317 in
1400 1253 1489 1318 latiis
1507 1261 1663 1338 apertum

255 1365 420 1426 Romane
441 1363 529 1428 aciei
548 1361 639 1426 iacti.

336 1471 416 1553 Cap.
435 1471 473 1530 L.
496 1463 651 1557 degredi.
672 1465 774 1529 etiam
787 1462 855 1528 hoc
872 1465 951 1528 loco
966 1464 1068 1526 multi
1084 1459 1226 1552 digredi
1234 1465 1373 1533 habent.
1395 1464 1442 1530 ita
1458 1467 1533 1531 Vat.
1548 1482 1576 1528 a.
1590 1469 1620 1530 8.
1633 1481 1663 1543 4.

253 1578 297 1640 de
321 1583 450 1639 mutata
469 1571 723 1638 constructione
741 1570 814 1650 jam
832 1569 955 1655 sepius
979 1577 1029 1634 est
1054 1569 1248 1634 morinum.
1277 1565 1471 1635 Rutilium.
1490 1571 1534 1636 P.
1555 1567 1666 1637 Ruti-

254 1677 326 1744 lius
346 1676 481 1770 Rufus,
500 1679 555 1742 vir
573 1677 887 1759 innocentissimus,
919 1673 986 1739 fuit
1005 1676 1131 1738 Consul
1152 1697 1230 1738 cum
1254 1679 1314 1742 Cn.
1331 1677 1463 1740 Manlio
1481 1679 1522 1738 U.
1539 1679 1573 1744 G.
1595 1679 1665 1754 548.
1714 1738 1720 1752 ,
1827 1741 1831 1751 ,

253 1784 372 1850 Cicero
383 1785 506 1870 saepius
515 1783 588 1861 ejus
597 1783 809 1846 mentionem
817 1781 908 1842 iacit.
924 1780 985 1847 cir.
995 1780 1128 1843 Ernesti
1138 1781 1229 1846 Clau.
1240 1780 1468 1844 Cicerones.
1479 1779 1667 1864 expeditae

254 1891 424 1955 cohortes
452 1889 631 1970 dicuntur,
653 1905 730 1967 quae
747 1891 780 1948 et
795 1885 870 1947 sine
890 1883 1148 1968 impedimentis
1169 1885 1322 1970 ipsisque
1340 1882 1484 1949 sarcinis
1501 1889 1667 1971 depositis

254 1995 323 2059 iter
341 1994 489 2078 faciunt,
510 2003 542 2057 et
560 1991 646 2056 levis
661 2000 840 2056 armaturas
853 1990 992 2054 milites.
1019 1993 1079 2056 sed
1099 1993 1167 2054 hoc
1185 1991 1263 2055 loco
1276 1991 1374 2077 prior
1386 1991 1592 2076 significatio
1604 1995 1666 2056 ob-

212 2143 215 2150 ·
255 2099 360 2185 tinet,
388 2101 496 2163 altera
523 2099 617 2162 enim
642 2097 791 2161 maxime
815 2101 906 2180 apud
926 2097 1070 2160 seriores
1096 2095 1279 2182 scriptores
1297 2097 1461 2182 occurrit,
1489 2097 1553 2160 ubi
1569 2098 1665 2164 varia

254 2213 435 2270 armatura
447 2203 858 2290 genersmagisdistineta
868 2211 973 2266 erant.
991 2201 1156 2268 lassitud.
1168 2199 1268 2267 sitim
1278 2239 1320 2254 -
1334 2210 1456 2286 templ.
1480 2202 1503 2264 i.
1518 2223 1547 2270 e.
1570 2212 1666 2283 „ten-

254 2311 403 2395 tatur'es,
423 2320 461 2372 ut
477 2309 681 2373 lassitudine
702 2318 737 2373 et
754 2308 813 2372 siti
835 2308 994 2373 deiiceret
1012 2309 1210 2374 exeredes.»
1228 2311 1320 2372 Cort.
1337 2327 1410 2392 pro
1428 2329 1469 2373 re
1487 2317 1600 2391 atque
1613 2311 1665 2374 lo·

208 2445 212 2452 ·
257 2435 312 2480 eo.
340 2416 365 2484 i.
383 2431 412 2480 e.
434 2414 472 2478 in
496 2423 664 2496 quantum
687 2415 725 2479 in
752 2435 789 2479 re
809 2423 877 2479 tarn
900 2435 1031 2501 aspera·
1045 2424 1079 2480 et
1100 2415 1178 2480 loco
1201 2422 1270 2479 tarn
1287 2414 1409 2497 iniquo
1429 2413 1507 2478 fieri
1521 2423 1664 2500 poterat.

248 2529 339 2604 post
351 2516 558 2605 principia..
576 2520 673 2585 loeus
694 2521 734 2584 in
756 2522 829 2586 acie
847 2529 926 2607 post
942 2517 1021 2587 euin
1043 2521 1202 2588 ordinem
1225 2503 1392 2606 militum,
1413 2511 1475 2605 qui
1492 2520 1666 2607 principia

255 2625 535 2711 appellabantur,
554 2627 621 2690 hoc
633 2626 742 2712 igitur
759 2628 838 2692 loeo
854 2637 932 2714 post
949 2629 1099 2694 mediam
1117 2629 1244 2716 aciem,
1264 2630 1358 2711 quod
1377 2627 1417 2690 in
1438 2627 1577 2714 agmine
1596 2647 1667 2694 me-

254 2729 478 2795 diumloeum
492 2731 614 2796 tenuit.
626 2731 816 2817 principes
824 2731 1058 2822 sortierunt.
1077 2735 1102 2799 i.
1114 2755 1143 2800 e.
1157 2733 1294 2820 agmine
1306 2734 1513 2817 procedente
1524 2733 1665 2799 initium

206 2885 212 2895 .,
255 2836 434 2902 itineris'a
448 2837 595 2902 sinistras
610 2839 674 2902 olae
690 2839 865 2919 equitibus
885 2839 1029 2922 tactum,
1063 2840 1101 2900 id
1120 2840 1215 2920 quod
1233 2837 1335 2901 aliter
1350 2837 1427 2900 fieri
1446 2856 1519 2900 non
1534 2837 1664 2922 potuit,

257 2941 328 3006 nisi
348 2949 419 3006 tota
434 2941 507 3005 acie
530 2950 661 3003 mutata
676 2949 779 3024 atque
798 2944 1004 3028 perturbata.
1028 2941 1142 3025 quasi.
1168 2941 1227 3006 cir.
1249 2941 1351 3026 supra
1368 2963 1442 3027 cap.
1459 2943 1510 3018 48.
1537 2944 1664 3010 Graece.

257 3040 295 3123 tit
313 3037 386 3116 iser.
414 3067 487 3127 qua
507 3048 691 3111 Metellus.
716 3047 797 3111 vide
812 3065 915 3136 supra
943 3068 1016 3130 cap.
1029 3049 1079 3109 88.
1114 3068 1227 3128 eaque
1251 3042 1435 3112 Numidae
1457 3043 1585 3110 cuncti
1602 3057 1665 3117 ete.

213 3145 216 3151 ’
259 3149 342 3216 dein
354 3158 553 3234 repente—
567 3147 716 3215 invadit.
737 3155 811 3216 haec
831 3154 906 3217 Vat.
922 3156 951 3218 5.
972 3151 1098 3216 omisit.
1117 3146 1254 3240 infensi
1272 3151 1404 3215 adesse.
1429 3151 1583 3217 intensus
1611 3153 1666 3218 di-

257 3258 357 3342 eitur,
376 3256 669 3338 quirchementer
692 3256 731 3320 in
748 3256 899 3338 aliquem
918 3256 1026 3319 iratus
1044 3266 1108 3336 est3
1130 3255 1287 3320 Numidae
1307 3254 1401 3320 enim
1425 3257 1477 3320 ira
1491 3256 1666 3324 inlioma-

259 3361 1667 3448 noscommotiatqueexacerbatieorumordinesturhabant.parimodoapudTae.
1789 3393 1795 3408 ·

256 3471 345 3531 Anti
359 3472 405 3541 ι5.
415 3489 463 3530 ιο.
475 3467 604 3532 dicitur
612 3489 741 3558 agmen
750 3463 931 3557 infensum
946 3469 1077 3532 adesse.
1090 3467 1173 3530 huic
1181 3466 1428 3553 significationi
1443 3479 1667 3562 consentane-

258 3593 318 3638 um
331 3583 382 3638 est
393 3575 526 3639 adesse.
545 3574 584 3638 id
599 3576 694 3657 quod
710 3572 788 3637 aliis
800 3573 886 3636 loeis
901 3573 1032 3636 auxilio
1045 3575 1120 3636 'esse
1134 3572 1319 3658 significat,
1331 3576 1546 3639 ‘contrarium
1561 3579 1665 3642 etiarn

231 3697 235 3714 ¹
257 3679 453 3766 significare
460 3687 587 3763 potest3
609 3687 657 3744 est
668 3677 761 3742 enim
772 3680 908 3742 nullum
920 3688 1052 3762 tempus
1062 3679 1298 3764 intermittere,
1311 3681 1397 3761 quin
1405 3701 1554 3764 praesens
1562 3682 1615 3763 sit,
1627 3681 1665 3745 id

260 3787 354 3866 quod
376 3785 415 3847 in
432 3784 733 3869 impetufaciendo
754 3785 967 3848 atrocitatem
986 3784 1245 3847 etacerhitatem
1254 3785 1483 3870 pugnantium
1495 3786 1666 3870 exprimit.

260 3889 320 3954 cir.
342 3891 416 3954 Liv.
430 3895 479 3959 25.
493 3897 543 3968 84.
565 3887 691 3956 deinde
712 3887 856 3952 assidue
877 3885 950 3952 dies
971 3893 1166 3976 noctesque
1185 3883 1341 3977 infestus
1360 3890 1500 3954 oderat.
1531 3893 1621 3958 Flor.
1633 3901 1664 3958 3.

260 3998 288 4058 5.
311 3998 457 4081 aderat,
477 3995 652 4082 instabat,
671 3998 740 4058 Cat.
754 3991 892 4082 injam
909 3987 1185 4079 omnesseroces
1197 3993 1365 4056 oderunt.
1375 4031 1417 4046 -
1428 3996 1664 4090 contrascri-

261 4098 353 4166 undi
370 4103 447 4186 pari
466 4105 570 4165 modo
590 4101 731 4186 dictum,
751 4089 791 4165 ut
806 4093 1091 4184 contrafacere,
1112 4119 1254 4185 amare,
1275 4095 1427 4186 intueri,
1448 4124 1522 4173 esse
1539 4115 1572 4168 et
1591 4125 1666 4170 sese

261 4205 402 4272 babere.
430 4209 586 4274 Roman.
614 4206 736 4270 turha.
764 4208 898 4269 Meda.
913 4209 941 4266 5.
962 4205 1090 4270 vem.
1119 4210 1264 4268 turmae
1292 4199 1435 4289 insequi
1459 4219 1665 4292 coeperant.

261 4313 336 4377 Vat.
352 4315 380 4376 5.
402 4333 478 4396 quae
497 4313 600 4377 lectio
618 4311 760 4378 fortasse
777 4311 1002 4400 prestantior.
1022 4305 1061 4374 irs
1082 4329 1205 4372 unum.
1231 4309 1311 4376 vide
1330 4330 1432 4396 supra
1453 4331 1524 4399 cap.
1541 4337 1589 4378 ιι.
1611 4315 1665 4380 di.

1278 4430 1301 4472 ᾖ
