4106 4974
1022 309 1035 352 l

386 375 459 448 106

376 561 635 664 inelegantius
653 561 709 630 sit
749 565 918 627 nostrum
943 557 1126 645 cuiqnam.
1148 561 1279 629 vrrs
1298 577 1492 645 perperam.
1532 561 1612 650 Iege
1631 559 1736 630 uti.'
1724 589 1748 630 ι.
1769 585 1790 634 e

379 671 466 760 legis
484 657 669 757 presidio,
686 685 756 750 qua
777 677 916 732 cautum
937 677 1025 752 erar,
1046 687 1090 732 ne
1105 667 1185 732 nexi
1205 666 1246 733 in
1264 665 1405 731 vinculo
1423 664 1690 747 conjicerentur.
1712 685 1795 738 ma·

252 818 257 832 ·
368 777 477 868 jones
498 769 616 849 vestri.
634 773 744 846 Vrtic
763 791 794 836 ι.
784 771 976 864 majores
995 769 1120 840 nostri
1136 767 1279 836 miserti
1295 773 1378 836 Cod.
1398 773 1520 840 Eicbb.
1541 773 1609 838 Sed
1628 775 1793 846 lectionis

380 889 522 968 recepte
542 879 747 966 elegantiam
768 899 847 942 cum
867 869 1080 963 Apollinaris
1096 879 1188 962 apud
1208 875 1363 942 Gellium
1383 893 1434 940 ιο.
1456 881 1485 942 6.
1524 887 1600 943 tum
1619 901 1732 966 nuper
1751 885 1794 948 V.

381 987 593 1054 Cl.Orellius
612 985 777 1050 defendit.
798 985 860 1049 cir.
880 984 948 1051 Cic.
972 984 1031 1045 Or.
1051 1001 1116 1067 pm
1136 983 1269 1046 Flacco.
1284 1005 1318 1067 p.
1327 997 1379 1059 ιο.
1400 989 1434 1048 et
1443 984 1595 1054 Perizon.
1614 985 1793 1053 Animsdr.

379 1095 468 1160 Hist.
489 1112 562 1179 esp.
584 1112 631 1157 ιο.
650 1110 730 1178 pug.
748 1106 820 1172 447.
839 1091 900 1155 Ed.
917 1088 1105 1158 Amstelod.
1148 1095 1258 1154 tanta
1277 1083 1440 1154 saevitia.
1475 1087 1536 1154 cir.
1554 1091 1634 1156 Tse.
1653 1094 1741 1156 Ann.
1763 1095 1793 1160 6.

385 1193 995 1288 16.cetusurbrfoenebrema1um
1017 1191 1279 1260 etseditionum
1300 1189 1642 1289 discordiosumque
1655 1196 1796 1264 creber·

380 1306 477 1370 rima
504 1323 619 1370 causa
652 1300 1040 1390 delegg.X11.Tnbb.
1060 1319 1136 1383 qne
1156 1302 1344 1366 densere
1370 1299 1526 1366 sancire·
1534 1299 1694 1386 tuerent,
1712 1303 1795 1370 ride

378 1412 456 1476 Aul.
477 1410 567 1474 Gell.
583 1426 633 1473 ιο.
659 1429 687 1470 ι.
727 1409 848 1474 Postea
869 1410 913 1472 de
931 1425 998 1472 ere
1017 1405 1134 1472 alieno
1160 1405 1307 1472 levando
1336 1407 1455 1470 multer
1480 1405 1573 1492 leges
1592 1406 1670 1472 lete
1689 1415 1794 1493 snut,

381 1513 534 1600 Licinis,
552 1513 764 1596 Duillis‚M
765 1512 872 1590 enin.
892 1511 1063 1597 Genutia,
1081 1511 1305 1598 Sempronia,
1324 1511 1480 1594 valeria,
1493 1511 1626 1578 Menut.
1636 1505 1680 1576 de
1689 1515 1793 1601 Legg.

383 1639 456 1704 esp.
473 1621 529 1700 163
548 1616 691 1683 cinLiv.
706 1639 737 1700 7.
754 1619 793 1680 ι6
812 1615 875 1682 ubi
893 1619 938 1682 de
957 1617 1036 1704 lege
1048 1615 1169 1682 Duilia
1187 1619 1231 1684 de
1252 1617 1404 1683 unciuno
1424 1615 1559 1682 loenore'
1575 1617 1640 1681 sits
1660 1621 1795 1686 mentio
1931 1619 1933 1622 ’

326 1733 334 1752 “
381 1724 429 1788 fit.
462 1723 523 1798 cir.
541 1745 573 1806 7.
594 1740 642 1788 ιι.
661 1721 814 1808 primum
834 1741 927 1788 enno
946 1738 1019 1804 429.
1041 1725 1083 1790 U.
1105 1724 1141 1786 G.
1161 1721 1217 1789 lex
1237 1742 1259 1787 ι
1279 1725 1369 1792 Coss.
1390 1723 1426 1789 C.
1447 1721 1597 1786 Poetelio
1618 1729 1652 1786 et
1672 1725 1710 1786 L.
1730 1725 1796 1788 Pu·
1825 1793 1833 1800 ,

381 1829 474 1914 pirio
489 1832 532 1893 ad
552 1829 720 1916 populum
733 1829 819 1914 lata,
839 1849 885 1892 ne
900 1823 997 1914 quis,
1016 1822 1093 1894 nisi
1110 1823 1178 1913 qui
1190 1813 1330 1895 nouom
1352 1823 1558 1912 meruisset,
1579 1827 1693 1894 donec
1703 1851 1796 1914 poe-

385 1953 472 1999 nam
494 1937 630 2020 lueret,
651 1931 690 2000 in
713 1931 944 2018 compedibus
964 1941 1032 1998 aut
1053 1933 1092 1998 in
1112 1954 1221 2000 neruo
1243 1941 1469 2002 tenerentur.
1512 1933 1699 2001 Pecuniae
1719 1957 1797 2002 ere·

386 2038 508 2123 ditae,
536 2039 633 2108 bona
663 2035 859 2125 debitoris,
885 2059 962 2106 non
987 2061 1123 2125 corpus
1143 2037 1342 2107 obnoxium
1365 2043 1467 2104 esset.
1496 2038 1569 2103 Lir.
1585 2041 1616 2104 8.
1638 2041 1687 2104 ιιι.
1726 2043 1794 2112 Sed

384 2169 462 2210 cum
482 2146 726 2214 feneratorum
746 2144 892 2212 avaritia
911 2165 1024 2229 neque
1043 2145 1170 2233 poenis,
1188 2167 1302 2232 neque
1321 2145 1501 2210 atrocitate
1519 2143 1797 2214 iactisetiscoer-

334 2291 338 2297 ·
388 2263 530 2339 ceretur,
550 2251 627 2319 ulie
648 2263 752 2338 atque
772 2251 850 2319 ulier
870 2251 1032 2337 deinceps
1051 2253 1144 2341 leges
1164 2254 1298 2340 scripte
1317 2259 1406 2322 sunt.
1432 2249 1493 2316 ιιι.
1503 2250 1623 2339 Sigon.
1642 2254 1688 2319 de
1706 2253 1797 2318 unti-

388 2376 459 2440 quc
472 2357 553 2439 jure
572 2360 635 2429 cir.
655 2361 699 2427 R.
722 2361 765 2422 11.
790 2381 837 2422 ιι.
859 2358 1021 2424 Heinecc.
1041 2359 1179 2443 Antiqq.
1200 2359 1327 2444 lurisp.
1348 2359 1390 2428 R.
1413 2365 1441 2426 6.
1466 2361 1514 2422 ιι.
1535 2379 1565 2442 7.
1593 2379 1704 2444 saepe
1720 2381 1796 2424 mc·

378 2461 486 2554 jor-es
506 2472 672 2530 vestrum.
691 2464 766 2535 Liv.
783 2485 814 2546 7.
829 2485 879 2530 ιι.
895 2466 926 2530 6.
947 2467 1055 2548 ι5ιι7.
1068 2469 1119 2540 61.
1136 2469 1186 2544 34.
1201 2467 1251 2530 65.
1272 2461 1450 2530 memoria
1469 2472 1610 2530 nostra.
1631 2467 1699 2532 vol.
1720 2482 1813 2531 om-·

386 2565 493 2632 nibus
512 2566 626 2635 bonis.
649 2567 739 2634 boni
758 2569 935 2636 Ciceronis
955 2579 1053 2636 etate
1080 2571 1109 2636 ii
1127 2571 1347 2658 potissimum
1368 2571 1548 2655 dicuntur,
1574 2571 1636 2653 qui
1656 2591 1676 2635 a
1697 2591 1797 2637 sens·

388 2679 440 2736 tus
458 2671 614 2756 pertibus
633 2679 724 2736 stant
743 2681 778 2738 et
799 2674 1018 2759 optimatium
1038 2673 1181 2758 factioni
1202 2679 1364 2756 student3
1399 2695 1476 2758 quae
1503 2694 1557 2741 res
1581 2676 1661 2740 satis
1689 2683 1796 2766 nctu3

385 2780 444 2842 sed
466 2777 568 2843 etiam
588 2777 713 2845 divites
742 2787 777 2846 et
799 2779 990 2866 locupletes
1017 2786 1084 2847 hoc
1109 2781 1256 2846 nomine
1282 2781 1447 2867 appellati
1474 2791 1564 2845 sunt.
1605 2779 1667 2844 cir.
1685 2781 1797 2845 Plaut.

387 2886 521 2950 Curcul.
542 2902 572 2963 4.
588 2907 615 2948 ι.
633 2901 681 2962 ι4.
702 2883 741 2951 in
760 2881 857 2977 soro
886 2883 1019 2979 infimo
1042 2885 1130 2954 boni
1156 2885 1320 2954 homines
1348 2895 1462 2972 utque
1482 2887 1573 2952 dites
1593 2885 1797 2952 ambulant.

386 2991 446 3057 cir.
468 2998 558 3078 Ccpt.
576 2997 606 3062 3,
623 3008 653 3070 4.
672 2994 722 3056 51.
742 2991 838 3062 Trin.
855 3012 883 3058 ι.
895 3010 926 3069 4.
946 2997 997 3072 45.
1009 2995 1078 3058 Cic.
1097 2997 1158 3078 Ep.
1172 2997 1240 3057 Att.
1263 2997 1292 3058 e.
1317 3015 1344 3058 ι.
1365 2989 1453 3058 Etsi
1466 2985 1675 3077 propediem
1696 2989 1795 3066 video

388 3098 577 3184 bonorum,
588 3095 631 3162 id
646 3103 909 3167 calculorum
922 3108 958 3166 et
972 3099 1212 3186 locupletum,
1227 3093 1636 3190 urbemresertamfcre.
1656 3101 1722 3164 Sed
1729 3101 1797 3166 hoc

388 3201 468 3265 loco
488 3203 639 3264 Manlius
664 3205 754 3267 cives
780 3207 964 3291 honestos,
995 3204 1142 3289 integris
1166 3205 1391 3290 probatisque
1420 3204 1576 3268 moribus
1604 3204 1798 3290 significare

388 3307 535 3372 videtur.
549 3306 598 3370 ita
608 3305 717 3370 inira:
739 3325 843 3370 nemo
856 3307 982 3370 bonus.
999 3347 1032 3364 -
1047 3316 1241 3396 argentum
1250 3331 1343 3376 aere.
1356 3310 1545 3389 csnVellej.
1557 3313 1684 3381 Patere,
1700 3327 1731 3375 ι.
1745 3315 1796 3380 26.

394 3410 572 3476 Valerius
586 3401 748 3478 Flaccus
778 3409 842 3495 (in
862 3411 967 3476 Marii
986 3411 1171 3496 septimum
1191 3413 1343 3478 consulis
1363 3412 1478 3478 locum
1496 3411 1684 3497 suffectus)
1715 3424 1796 3480 tur-

385 3509 560 3599 pissimce
585 3511 675 3604 legis
700 3523 851 3600 auctor,
873 3531 947 3597 qua
968 3513 1211 3581 creditoribus
1239 3521 1480 3599 quadrantem
1508 3519 1606 3588 solvi
1619 3519 1797 3615 jusserat.

391 3640 457 3705 pro
477 3619 632 3686 sestertio
652 3619 761 3706 igitur
780 3637 887 3682 assem
908 3620 1101 3705 solvebant,
1121 3620 1182 3702 qui
1203 3639 1245 3685 eo
1266 3631 1418 3710 tempore
1437 3645 1517 3710 pars
1537 3639 1659 3710 quarta
1678 3637 1798 3692 sester-

389 3729 433 3792 tii
454 3728 530 3793 tuit.
551 3727 611 3794 cfr.
632 3727 723 3791 Plin.
742 3728 837 3798 H.N.
855 3731 906 3796 33.
921 3729 952 3794 6.
992 3724 1147 3790 secessit.
1168 3737 1317 3810 quatuor
1337 3731 1543 3795 secessiones
1564 3751 1585 3796 e
1603 3733 1707 3815 plebe
1726 3731 1798 3796 icc·

393 3842 444 3896 ιιι
464 3853 534 3902 esse
553 3833 729 3920 Ampelius
749 3851 822 3920 cup.
841 3835 890 3897 ιδ.
911 3833 1027 3899 trudit.
1067 3835 1120 3900 De
1140 3833 1266 3918 quibus
1285 3835 1491 3903 novissimus
1511 3838 1665 3922 Ampelii
1684 3837 1798 3905 editor

392 3939 433 4009 V.
447 3939 489 4000 1).
502 3937 590 4003 Beck
610 3940 799 4005 accuratius
819 3940 900 4027 egit.
927 3959 1008 4024 ‘quae
1027 3939 1148 4025 prime
1169 3949 1203 4006 et
1223 3944 1380 4007 secunde
1399 3943 1582 4009 seditionis
1601 3963 1702 4009 causo
1721 3943 1798 4008 iue-

392 4043 459 4128 rit,
480 4041 562 4108 setis
581 4053 712 4108 notum.
742 4049 785 4112 de
808 4045 907 4110 tortia
928 4046 1019 4110 inter
1027 4046 1208 4131 scriptores
1222 4066 1294 4112 non
1314 4048 1485 4113 convenit.
1507 4051 1627 4115 Florus
1648 4049 1742 4114 enim
1763 4057 1798 4114 et

394 4149 571 4236 Ampelius
597 4150 643 4215 ob
667 4145 725 4230 jus
753 4151 919 4214 connubii
940 4171 1018 4216 eum
1044 4153 1146 4238 plebe
1166 4153 1494 4218 communicandum
1513 4155 1721 4220 seditionem
1738 4173 1799 4237 or·

395 4267 466 4322 tem
487 4277 558 4324 esse
577 4257 728 4324 trudunt.
753 4255 816 4334 cir.
835 4258 933 4345 Αιιιρ.
953 4256 977 4324 l.
997 4257 1021 4322 l.
1042 4266 1076 4324 et
1094 4258 1185 4324 Flor.
1203 4277 1232 4323 ι.
1249 4263 1298 4326 1³.
1328 4261 1388 4326 sed
1408 4259 1535 4326 rectius
1552 4262 1621 4326 boc
1643 4262 1689 4324 ud
1710 4267 1799 4324 tem·

2021 118 2032 612 l
