4106 4974
373 399 440 491 tis

349 585 466 664 ὀίω,
486 583 564 650 fieri
581 599 682 669 posse
700 579 851 664 videtur,
880 583 920 642 nt
929 569 1111 666 faucibus
1130 573 1198 640 hoo
1217 572 1297 639 loco
1317 569 1535 674 dissupatis
1550 567 1684 642 'dictum
1703 595 1777 647 esee

364 701 562 761 statuamus.
600 692 678 772 sed,
704 685 807 751 aliter
823 684 853 748 si
874 681 1128 768 interpretaris,
1155 677 1194 746 in
1217 681 1416 766 prepositio
1437 679 1619 748 retinenda
1639 693 1701 749 est.
1741 693 1778 758 et

367 798 516 868 occurrit
535 799 599 860 hac
613 791 866 880 significatione
886 810 1019 878 urgere
1037 787 1112 852 sine
1133 805 1212 852 casu
1231 785 1324 851 infra
1342 787 1420 874 lug.
1436 790 1486 856 so.
1521 791 1583 854 sed
1593 783 1775 880 saucibus

368 924 499 989 urgere
507 901 600 966 idem
621 899 834 985 significare,
854 899 949 979 quod
960 889 1070 986 saue.
1088 913 1272 977 premere,
1299 900 1422 959 tenere
1439 892 1497 958 vix
1516 895 1598 960 satis
1621 902 1778 962 accurate

368 1003 953 1087 docueris.-Gaesarisorationem‚
974 998 1131 1082 quamvis
1141 995 1396 1068 accuratissime
1405 995 1588 1084 scriptam,
1608 1002 1778 1087 longesu-

365 1121 464 1199 perat
485 1111 623 1176 Catonis
649 1110 701 1176 vis
720 1119 922 1193 austeraque
943 1105 1104 1194 gravitas.
1144 1106 1259 1190 Quare
1290 1105 1423 1186 nescio,
1455 1123 1502 1167 an
1523 1105 1592 1169 nlli
1615 1107 1775 1192 scriptori

363 1219 402 1283 in
424 1219 569 1283 bumsni
587 1217 723 1304 ingenii
743 1227 868 1281 natura
887 1212 1104 1281 orationibus
1124 1211 1331 1276 illustranda
1347 1211 1445 1274 cedat
1473 1209 1650 1276 Salustius.
1681 1213 1773 1279 Vere

338 1323 340 1327 ’
367 1323 463 1392 enim
484 1323 612 1388 dixeris
631 1311 697 1386 hac
718 1321 876 1386 oratione
896 1319 1035 1385 Catonis
1062 1317 1243 1404 ingenium
1271 1313 1482 1380 luculentius
1500 1333 1573 1380 esse
1592 1318 1777 1381 adumbra-

367 1437 461 1512 tum,
483 1449 590 1511 quam
608 1427 680 1492 vita
700 1447 721 1490 a
740 1426 924 1490 Plutarcho
946 1424 1148 1509 conscripta.
1192 1441 1299 1506 quare
1325 1419 1403 1485 fieri
1430 1439 1502 1484 non
1530 1431 1655 1506 potest,
1688 1423 1777 1506 quin

366 1535 423 1598 vel
443 1533 598 1619 imperiti
617 1531 796 1613 literisque
816 1530 939 1598 leviter
959 1529 1085 1593 imbuti
1105 1529 1209 1610 hujus
1230 1526 1398 1592 orationis
1417 1527 1648 1611 prestantiam
1670 1527 1778 1592 senti-

367 1647 439 1704 ant.
466 1643 585 1721 Neque
604 1638 707 1717 hujus
727 1635 778 1702 rei
799 1655 900 1699 causa
920 1635 1004 1700 inde
1024 1638 1227 1719 repetenda,
1248 1637 1342 1717 qnod
1367 1631 1545 1698 meliorem
1557 1653 1692 1695 causam
1713 1635 1778 1694 Ga·
1849 1631 1851 1634 ’

369 1750 405 1808 to
427 1729 592 1808 defendit.
625 1741 788 1827 Quamvis
809 1740 904 1804 enim
922 1742 995 1805 vim
1022 1739 1163 1804 dicendi
1188 1741 1254 1804 bac
1274 1761 1312 1805 re
1344 1739 1491 1804 maxime
1519 1739 1652 1802 intendi
1681 1741 1779 1804 haud

370 1849 581 1933 negaverim,
600 1869 678 1911 cum
693 1847 840 1910 maxime
860 1845 1036 1930 scriptoris
1048 1846 1161 1911 oratio
1182 1867 1203 1910 a
1222 1845 1302 1912 luco
1325 1845 1390 1910 illo
1402 1844 1568 1910 orationis
1583 1843 1778 1930 abhorreat,

366 1953 443 2037 ipsa
476 1961 592 2017 tamen
618 1953 803 2017 verborum
816 1969 818 1974 ·
833 1951 1039 2036 compositio
1058 1951 1174 2037 aptior
1200 1959 1303 2034 atque
1332 1950 1537 2018 concinnior
1563 1957 1623 2014 est.
1664 1950 1779 2016 Facile

368 2057 464 2122 enim
485 2055 655 2123 fervorem
683 2060 857 2141 quendam
878 2057 987 2122 atatis
1013 2065 1048 2121 et
1077 2056 1188 2121 animi
1214 2057 1383 2142 impetum
1410 2055 1780 2141 flagrantissimumque

367 2160 539 2228 libertatis
565 2181 718 2228 amorem
736 2163 776 2228 in
797 2170 869 2228 tota
887 2162 1045 2227 oratione
1067 2179 1260 2248 expressum
1280 2179 1472 2250 cognosces.
1486 2151 1559 2226 'Sed
1585 2161 1779 2225 dubitatum

369 2277 441 2351 est,
460 2288 564 2353 num,
585 2253 661 2349 quae
684 2271 766 2331 Cato
788 2275 986 2352 censuerat,
1005 2268 1087 2330 satis
1107 2276 1263 2333 accurata
1283 2289 1304 2332 a
1323 2265 1558 2353 scriptoressit
1576 2265 1778 2351 expositum.

351 2373 540 2439 ‘Videntur
568 2373 662 2438 enim
678 2373 750 2452 jam
772 2373 836 2438 illo
859 2381 1013 2460 tempore
1034 2373 1139 2436 multi
1161 2375 1282 2437 Catoni
1303 2372 1450 2437 nimium
1471 2371 1654 2436 tribuisse.¹
1672 2371 1780 2436 Testi-

370 2479 490 2543 monio
513 2485 563 2544 est
584 2478 758 2544 Ciceronis
778 2479 923 2564 epistola
951 2481 997 2543 ad
1025 2481 1093 2542 stt.
1116 2500 1165 2548 ra.
1189 2497 1240 2543 rr.
1263 2479 1325 2543 ubi
1347 2478 1521 2562 queritur,
1542 2479 1637 2559 quod
1658 2461 1780 2542 Brutus

370 2587 535 2647 Catonem
555 2584 707 2666 primum
727 2585 932 2650 sententiam
961 2586 1006 2650 de
1033 2583 1331 2649 animadversione
1363 2583 1490 2649 dixisse
1521 2581 1714 2669 putaverit,
1746 2589 1781 2647 et

370 2691 462 2754 banc
483 2689 528 2752 cb
551 2707 686 2752 causam
706 2697 843 2756 senatus
870 2691 1066 2755 consultum
1088 2687 1127 2753 in
1148 2690 1354 2753 sententiam
1382 2689 1522 2754 Catonis
1549 2688 1676 2753 iactum
1707 2705 1782 2754 esse

372 2793 478 2880 dicit,
497 2793 580 2878 quia
593 2793 708 2860 verbis
720 2795 1009 2861 luculentioribus
1023 2802 1058 2860 et
1073 2793 1234 2882 pluribus
1254 2814 1327 2859 rem
1348 2797 1494 2860 eandem
1502 2793 1781 2880 comprehendis.

370 2909 432 2967 set.
452 2902 515 2965 ubi
536 2904 604 2965 hoc
623 2921 643 2964 a
664 2901 828 2968 Cicerone
850 2903 1015 2967 omissum
1025 2909 1093 2986 est,
1114 2901 1222 2987 ipsius
1236 2899 1390 2966 oratione
1411 2901 1538 2964 multos
1558 2899 1663 2965 luisse
1684 2919 1779 2964 com-

371 3007 506 3093 pulsos,
527 3014 565 3071 ut
584 3006 790 3073 sententiam
812 3016 999 3087 mutarent3
1021 3006 1136 3071 lenius
1157 3007 1252 3072 enim
1274 3005 1460 3072 consilium
1480 3006 1639 3072 Ciceroni
1659 3006 1780 3072 utilius

371 3129 443 3176 esse
456 3113 647 3180 videbatur.
667 3113 803 3176 Primus
821 3133 903 3178 vero
924 3113 1063 3178 Catulus
1078 3114 1181 3177 aliter
1199 3112 1323 3198 sensit,
1345 3101 1451 3195 quem
1470 3114 1552 3176 Cato
1571 3120 1706 3176 secutus
1720 3119 1779 3176 est.

372 3215 477 3298 (side
495 3217 586 3285 Plut.
606 3217 674 3278 Cic.
691 3218 760 3300 21.)
790 3221 850 3282 sed
870 3219 989 3282 Cicero
1012 3219 1086 3300 ipse
1109 3219 1189 3296 (Or.
1203 3238 1268 3303 pro
1285 3218 1400 3282 Sextio
1418 3237 1491 3302 cap.
1510 3217 1576 3300 ab.)
1600 3217 1779 3283 Catonem

371 3317 512 3384 illarum
534 3341 649 3385 rerum
669 3324 811 3406 ducem,
844 3332 1019 3385 auctorem
1051 3328 1087 3384 et
1123 3333 1284 3386 actorem
1306 3318 1431 3411 fuisse
1467 3321 1562 3384 dicit.
1602 3319 1663 3390 cfr.
1693 3339 1779 3407 prte-

372 3430 466 3487 terea
486 3426 554 3488 Dio
576 3429 664 3496 Cass.
685 3430 735 3488 36.
751 3430 801 3489 36.
822 3435 856 3491 et
873 3427 995 3506 Vellej·
1014 3429 1141 3494 Paterc.
1163 3443 1190 3490 n.
1215 3429 1265 3492 35.
1308 3429 1475 3494 Praeterea
1500 3426 1675 3492 Ciceronis
1703 3427 1779 3491 lau-

373 3529 464 3591 desa
478 3531 608 3590 Catone
626 3528 730 3591 tuisse
746 3530 932 3592 celebratas
946 3532 1028 3592 inde
1044 3533 1210 3617 colligas,
1231 3538 1324 3614 quod
1343 3536 1462 3602 Cicero
1476 3533 1617 3618 scribit,
1638 3551 1690 3598 res
1706 3537 1779 3597 a'se

372 3641 483 3720 gestas
503 3655 524 3698 a
545 3635 673 3698 Catone
689 3633 851 3698 laudibus
872 3635 910 3698 in
928 3636 1051 3699 coelum
1067 3637 1180 3704 elatas.
1212 3640 1313 3719 Cujus
1329 3642 1380 3706 rei
1399 3664 1478 3706 cum
1495 3642 1535 3704 in
1546 3640 1686 3704 Catonis
1704 3657 1782 3702 ora-

291 3729 295 3742 '
373 3739 486 3824 tione,
512 3761 532 3804 a
549 3740 697 3806 Salustio
716 3741 913 3828 perscripta,
931 3742 1030 3806 nulla
1051 3743 1182 3808 mentio
1200 3745 1289 3808 facta
1302 3747 1360 3831 sit,
1380 3727 1512 3831 parum*
1528 3753 1685 3808 accurate
1703 3763 1780 3806 ora·

374 3842 460 3904 toris
476 3864 591 3910 sensus
608 3849 807 3933 expressisse
828 3849 1009 3914 iudicatur.
1016 3849 1219 3915 Plutarchus
1231 3863 1349 3916 auctor
1360 3864 1424 3936 est,
1445 3853 1603 3915 Silanum
1617 3869 1638 3912 a
1654 3851 1780 3912 Catone

373 3948 669 4018 vehementissime
687 3964 938 4040 oppugnatum,
958 3959 1052 4038 quod
1067 3956 1248 4020 hominum
1266 3957 1576 4040 perditissimorum
1592 3951 1782 4040 patrocini-

374 4075 434 4117 um
454 4055 648 4139 susceperit.
671 4059 752 4144 (cfr.
775 4061 862 4124 Plut.
879 4065 948 4124 Cat.
970 4063 1054 4125 min.
1076 4081 1147 4146 cap.
1164 4061 1238 4145 23.)
1260 4062 1431 4126 consensit
1449 4061 1603 4141 Vellejus
1623 4061 1647 4125 l.
1664 4060 1689 4125 i.
1718 4081 1780 4123 er-

274 4237 275 4240 ¹
375 4161 463 4225 dore
485 4156 562 4224 oris
576 4160 782 4242 orationem
806 4163 985 4250 omnium,
1012 4165 1199 4232 lenitatem
1215 4163 1466 4252 suadentium,
1494 4161 1673 4233 societate
1695 4184 1782 4230 eon-

373 4261 451 4328 sitit
468 4276 671 4352 suspectam
681 4265 783 4360 serit
805 4320 814 4338 .
837 4316 846 4335 .
868 4320 876 4341 .
900 4317 908 4333 .
931 4267 987 4336 ita
1011 4269 1172 4337 consulis
1187 4255 1354 4336 virtutem
1374 4269 1614 4360 amplificavit
1628 4279 1691 4336 etc.
1713 4271 1780 4332 Cu-

370 4366 427 4443 jus
448 4372 588 4452 quidem
604 4376 775 4468 ¹orationis
795 4376 939 4463 vestigia
956 4396 1112 4462 premere
1132 4378 1240 4464 magis
1258 4379 1362 4446 etiam
1377 4378 1525 4445 Salustio
1544 4377 1665 4462 licuit,
1683 4367 1779 4458 quod
