4116 4970
345 333 397 429 46

345 517 448 585 illurn
459 529 563 603 supra
573 536 676 600 quam
689 535 753 606 ego
769 534 845 582 sum
855 519 981 604 petere.
993 518 1074 582 Tac.
1084 517 1172 584 Anu.
1186 517 1234 580 ι6.
1250 516 1298 584 18.
1309 531 1439 600 «pausa
1453 531 1558 599 supra
1570 495 1757 599 repetenda

347 623 458 691 sunti’
478 623 538 688 Aa
555 619 791 706 paucis-ae
812 645 881 688 om.
902 624 993 687 Med.
1015 643 1064 688 ιι.
1084 618 1365 703 Militireque-
1384 641 1453 703 que
1470 637 1538 683 om.
1549 619 1641 682 Med.
1657 635 1686 682 2.
1697 620 1758 683 sed

346 730 389 794 in
409 736 601 794 ceterorum
622 731 729 794 codd.
750 731 890 795 silentio
912 729 1004 793 nihil
1026 727 1239 793 mutaverim.
1267 720 1542 810 Rempullieam
1563 719 1759 788 habuerint

350 834 375 900 i.
396 855 425 899 e.
447 835 631 922 gesserint,
652 837 847 901 curaverint
868 837 927 900 cfr.
949 836 1038 900 Hist.
1058 836 1190 922 Fragm.
1211 833 1288 896 Lib.
1317 837 1347 894 ³.
1377 825 1419 898 fr.
1438 847 1489 894 un.
1508 851 1586 916 pag.
1610 832 1681 894 2³5.
1704 827 1759 892 Si-

352 939 437 1004 mile
457 941 584 1006 habere
605 940 760 1025 aliquem
788 945 890 1008 laute
923 942 983 1007 efr.
1005 942 1098 1006 infra
1119 960 1192 1026 cap.
1214 960 1262 1002 ιι.
1284 936 1459 1002 luxuriose
1479 936 1653 1018 nimisque
1671 933 1760 998 libe-

351 1045 473 1110 raliter
493 1048 641 1131 hahere,
661 1057 695 1112 et
715 1048 848 1112 Histor.
870 1051 1002 1135 Fragm.
1014 1051 1075 1112 111.
1095 1046 1137 1111 ir.
1156 1063 1206 1109 ιι.
1224 1065 1303 1131 pag.
1324 1047 1394 1119 234.
1424 1039 1559 1108 Artius
1579 1039 1761 1104 habebunt

354 1152 435 1217 Caes.
445 1154 559 1216 B.G.I.
568 1156 617 1216 63.
636 1153 820 1228 ..Hostium
832 1173 954 1239 agmen
971 1150 1235 1231 malehabere”;
1256 1159 1406 1214 ceterum
1421 1149 1464 1210 de
1477 1143 1652 1228 frequenti
1663 1153 1762 1210 etra-

353 1255 409 1321 rio
430 1277 494 1322 usu
512 1257 612 1321 verbi
631 1259 758 1322 habere
778 1260 870 1342 apud
890 1259 1076 1322 Salustium
1095 1257 1176 1320 ride
1196 1255 1346 1320 indicem
1367 1275 1376 1318 ι
1398 1249 1572 1318 disserere
1584 1250 1763 1314 duriuscu-

354 1359 448 1445 lum,
467 1361 622 1444 primum
642 1365 736 1443 quod
757 1363 896 1448 longius
916 1373 1086 1428 remotum
1108 1363 1152 1424 ab
1174 1360 1407 1442 substantivo,
1436 1360 1480 1420 ad
1501 1358 1596 1440 quod
1614 1353 1763 1420 reteren-

357 1467 463 1548 dum,
491 1474 564 1528 tum
583 1470 676 1548 quod
696 1466 771 1551 ipsa
785 1467 950 1546 junctura
970 1469 1113 1534 insolita
1133 1474 1200 1546 est,
1229 1462 1388 1548 quamvis
1409 1483 1488 1528 eum
1509 1463 1677 1525 disserere
1698 1459 1765 1522 ali-

359 1570 446 1652 quid
467 1570 595 1633 dicitur
614 1569 674 1639 eir.
693 1573 772 1635 Tac.
792 1575 879 1636 Ann.
901 1579 930 1638 3.
952 1589 1003 1651 to.
1034 1571 1355 1638 disserere-sediosa
1376 1579 1410 1636 et
1428 1569 1551 1634 Annal.
1574 1589 1602 1631 1.
1621 1582 1651 1644 4.
1673 1568 1766 1629 bona

359 1675 531 1762 libertatis
548 1675 717 1740 incassum
740 1676 818 1742 diss.
838 1688 873 1743 et
893 1679 962 1742 Cic.
982 1681 1021 1743 N.
1042 1680 1085 1741 D.
1106 1677 1165 1740 fin.
1191 1695 1261 1753 «ea
1287 1695 1364 1760 qure
1383 1674 1575 1762 disputavi,
1602 1673 1768 1738 disserere

362 1781 471 1844 mabri
492 1801 595 1863 quam
611 1781 814 1863 judieare'’;
841 1793 955 1846 tamen
979 1785 1106 1848 horum
1126 1784 1283 1848 locorum
1312 1803 1384 1847 non
1410 1783 1530 1848 eadem
1551 1787 1601 1844 est
1620 1778 1708 1842 ratio
1734 1783 1770 1842 et

363 1903 441 1967 quae
462 1887 580 1948 addita
599 1896 678 1949 sunt
700 1889 880 1970 quomodo
901 1898 964 1952 etc.
983 1888 1024 1952 in
1042 1889 1277 1973 superioribus
1297 1889 1401 1952 etiam
1409 1885 1689 1973 praepositionem
1705 1885 1766 1949 de·

363 1991 519 2075 flagitare
539 1991 755 2056 videbantur.
786 1997 869 2078 Qum
887 1993 958 2074 jam
979 1995 1135 2076 sequitur
1155 1995 1269 2060 brevis
1287 1997 1452 2059 Romanae
1473 1990 1626 2056 historia.
1649 1993 1770 2054 adum·

361 2095 488 2182 matio,
509 2116 583 2160 eam
604 2097 719 2162 alieno
728 2097 806 2160 loeo
826 2098 1067 2184 interpositam
1089 2120 1160 2165 esse
1179 2108 1270 2166 recte
1291 2097 1429 2163 dixeris.
1462 2100 1508 2160 Ut
1523 2095 1618 2160 enim
1632 2097 1677 2160 de
1696 2113 1772 2158 mo·

364 2199 461 2264 ribus
483 2201 656 2285 disputare
677 2221 698 2266 a
718 2203 894 2289 scriptoris
915 2205 1062 2269 consilio
1085 2225 1157 2268 non
1177 2205 1282 2289 plane
1301 2202 1457 2268 alienum
1480 2200 1567 2280 fuit3
1588 2199 1638 2263 ita
1661 2199 1773 2285 prima

364 2305 566 2391 reipublice
587 2310 752 2373 Romanae
771 2309 876 2374 initia
902 2331 1072 2396 exponere
1098 2331 1211 2393 neque
1232 2329 1318 2395 opus
1339 2307 1428 2392 tuit,
1456 2325 1570 2388 neque
1595 2305 1675 2368 talis
1703 2302 1774 2367 dis·

366 2413 496 2500 gressio
518 2413 794 2499 intelligentibus
814 2415 1029 2498 probabitur.
1069 2417 1192 2480 Totius
1211 2415 1306 2479 enim
1333 2413 1446 2499 operis
1467 2409 1691 2497 amplitudini
1713 2427 1774 2496 pa-

367 2539 448 2582 rum
469 2523 661 2601 respondet.
703 2520 848 2584 Videtur
873 2529 989 2584 autem
1011 2521 1179 2584 Salustius
1207 2524 1328 2584 eodem
1351 2528 1468 2604 captus
1488 2537 1559 2582 esse
1583 2534 1718 2602 errore,
1737 2513 1776 2578 in

371 2641 475 2703 quem
497 2631 530 2684 et
551 2621 613 2685 alii
633 2622 870 2708 inducuntur,
894 2624 957 2705 qui
985 2645 1094 2704 quum
1113 2625 1266 2708 primum
1295 2626 1338 2686 ad
1366 2623 1539 2686 scribendi
1560 2622 1713 2686 studium
1741 2637 1777 2684 se

265 2721 267 2726 ’
373 2726 630 2812 oonlhruutfin
647 2749 717 2792 uno
739 2739 942 2816 argumento
963 2729 1171 2794 illustrando
1192 2749 1312 2794 omnes
1334 2729 1444 2793 animi
1463 2738 1565 2810 atque
1580 2727 1714 2814 ingenii
1725 2726 1779 2790 vi-

357 2853 427 2899 xes
457 2832 667 2918 profundere
693 2845 825 2919 parant.
874 2837 976 2921 Quod
1005 2833 1147 2918 quidem
1176 2857 1255 2900 curn
1283 2835 1369 2900 alias
1397 2844 1470 2898 tum
1498 2834 1538 2896 in
1563 2832 1780 2904 brevioribus

373 2937 509 3025 scriptis
538 2940 693 3004 accidere
713 2943 809 3006 solet.
851 2944 1009 3005 Ceterum
1039 2961 1121 3005 vero
1149 2961 1221 3004 non
1249 2940 1409 3006 absimile
1436 2957 1507 3004 esse
1534 2938 1698 3022 videtur,
1722 2937 1781 3000 Sa-

373 3045 517 3108 lustium
546 3047 584 3108 in
611 3048 675 3109 hac
706 3047 918 3132 digressione
941 3047 1107 3133 excerptis
1136 3069 1237 3111 usum
1266 3047 1392 3132 fuisse,
1423 3065 1499 3127 qua·
1519 3043 1647 3124 Attejus
1663 3040 1783 3108 Philo-

376 3149 476 3232 logus
497 3147 535 3208 in
562 3150 633 3226 ejus
659 3152 804 3232 gratiam
828 3162 1073 3234 composuerat.
1113 3155 1391 3236 Digressionibus
1411 3161 1525 3215 autem
1554 3149 1677 3234 saepius
1703 3165 1783 3212 usus

378 3262 428 3316 est
446 3251 643 3327 Salustius3
680 3270 760 3310 nam
788 3270 901 3331 neque
924 3271 984 3335 ea,
1017 3274 1093 3334 quae
1122 3258 1164 3315 de
1184 3256 1305 3318 Afrieae
1332 3257 1400 3318 situ
1430 3265 1464 3319 et
1483 3256 1644 3340 populis,
1673 3271 1784 3336 neque

380 3378 457 3438 quae
478 3368 551 3417 tum
572 3359 615 3419 de
636 3354 829 3438 Philaenis,
855 3355 1048 3442 populique
1067 3358 1222 3442 pertibus
1243 3359 1352 3422 fusius
1373 3359 1524 3444 disserit,
1554 3363 1598 3423 ad
1624 3357 1785 3423 historias

380 3462 565 3547 pertinent.
595 3458 655 3522 cfr.
674 3460 845 3542 iugurtha
866 3481 893 3522 e.
916 3463 960 3521 18.
975 3477 1026 3535 41.
1047 3479 1098 3536 ιι.
1116 3483 1166 3542 79.
1193 3468 1235 3525 In
1250 3465 1472 3528 historiarum
1486 3465 1587 3528 libris
1601 3465 1706 3530 etiam
1724 3481 1787 3527 sae·

379 3565 460 3652 pius
478 3574 678 3649 perpetuam
701 3561 882 3624 historiam
904 3562 1128 3648 interrupisse
1147 3566 1304 3652 videtur,
1324 3579 1491 3652 quantum
1512 3589 1553 3634 ex
1565 3570 1692 3635 fabulis
1706 3585 1788 3634 con·

378 3672 486 3750 jioere
504 3670 604 3755 licet,
625 3689 701 3752 quae
723 3689 764 3732 ex
784 3667 856 3732 illis
875 3669 1071 3732 laudantur.

282 3763 287 3778 ’
384 3777 421 3840 G.
438 3778 495 3842 VI.
515 3778 599 3864 Qum
619 3779 662 3841 de
683 3777 769 3840 urbe
791 3776 929 3839 condita
950 3778 1054 3842 tradit
1066 3779 1253 3866 Salustius,
1273 3801 1314 3846 ex
1327 3782 1466 3846 Catonis
1479 3763 1684 3866 Originibus
1703 3779 1788 3842 hau-

384 3879 475 3944 sisse·
487 3899 508 3941 a
527 3883 644 3946 Servio
666 3884 795 3948 dicitur
816 3880 880 3947 cfr.
896 3886 941 3945 ad
960 3885 1044 3948 Aen.
1059 3887 1085 3947 I.
1103 3888 1132 3949 6.
1158 3889 1288 3951 Tamen
1309 3889 1392 3949 Cato
1414 3887 1451 3949 in
1466 3885 1669 3972 Originibus
1687 3882 1789 3965 dicit,

386 3983 482 4065 eujus
501 3987 739 4052 auctoritatem
758 3990 925 4053 Salustius
944 3989 1098 4072 sequitur
1125 3991 1164 4054 in
1190 3991 1284 4053 bello
1307 3991 1533 4054 Catilinario:
1560 3985 1686 4074 primo
1705 3988 1790 4053 Ita-

387 4089 477 4156 liam
499 4088 657 4155 tenuisse
679 4095 872 4175 quosdam,
895 4091 960 4176 qui
972 4094 1254 4177 appellabantur
1267 4092 1487 4182 Aborigines
1501 4095 1567 4159 hos
1579 4099 1711 4176 postea
1726 4090 1792 4154 od-

389 4203 495 4260 rentu
515 4183 662 4264 Aeneae
681 4195 891 4286 Phrygibus
907 4194 1065 4287 junctos
1091 4195 1249 4268 Latinos
1269 4220 1343 4264 uno
1371 4197 1518 4264 nomine
1546 4203 1792 4282 nuncupatos.
