4116 4970
377 409 423 459 20

379 604 419 646 eu
437 585 659 650 historiarum
680 585 781 652 libris
801 588 1029 675 intelligitur,
1050 597 1123 652 tum
1144 591 1332 654 multorum
1354 589 1496 670 judiciis
1512 597 1559 652 est
1575 591 1780 673 comproba-

378 701 461 754 tum.
493 695 580 754 Nam
603 701 635 756 et
647 695 817 780 Augustus
828 715 907 758 eum
926 697 1032 758 verba
1053 715 1094 760 ex
1114 695 1318 782 Originibus
1339 696 1477 760 Catonis
1497 695 1699 778 excerpsisse
1721 695 1778 758 di-

376 795 443 880 xit,
464 795 546 880 (eir.
566 797 704 862 Sueten.
724 801 842 862 Oetae.
874 822 902 862 e.
919 800 990 883 86.)
1012 809 1045 864 et
1065 811 1185 864 auctor
1205 801 1477 886 epigrammatis,
1506 803 1549 863 de
1578 821 1647 880 quo
1674 821 1777 884 supra

377 911 601 965 memoratum
621 913 687 988 est,
708 914 810 986 atque
830 908 972 969 lenaeus
991 906 1085 968 idem
1105 915 1305 970 statuerunt.
1331 907 1441 968 Etiam
1451 905 1589 968 Asinius
1603 904 1716 968 Pollio
1731 905 1779 966 Ii-

377 1009 476 1068 hrum
484 1008 633 1092 scripsit,
654 1009 693 1071 in
703 1010 1049 1094 quoSalustiiseripta
1057 1011 1276 1096 reprehendit
1284 1021 1321 1072 ut
1331 1011 1438 1072 nimia
1448 1011 1629 1072 verborum
1641 1004 1779 1072 affecta·

379 1110 473 1175 tione
491 1111 609 1174 oblita.
624 1112 699 1196 (cfr.
713 1114 852 1178 Sueton.
868 1117 911 1178 de
922 1116 1022 1180 elaris
1034 1117 1272 1180 Grammaticis
1282 1137 1310 1180 c.
1324 1125 1401 1180 soet
1416 1116 1481 1196 15.)
1497 1117 1562 1178 Sed
1578 1115 1669 1176 hune
1683 1117 1777 1178 anti·

377 1217 515 1298 quitatis
528 1235 680 1280 amorem
701 1218 817 1302 potius
830 1219 1022 1284 laudaveris
1043 1241 1145 1302 quam
1166 1220 1396 1284 damnaveris:
1418 1221 1493 1282 Hoc
1514 1220 1607 1282 enim
1622 1219 1775 1282 studium

375 1322 558 1393 Salustium
573 1322 765 1407 prohibuit,
785 1341 855 1405 quo
864 1325 979 1387 minus
988 1325 1200 1390 imitatorum
1212 1328 1394 1390 stultorum
1401 1325 1544 1410 vestigia
1558 1335 1779 1407 sequeretur,

374 1429 501 1509 quibus
521 1448 561 1492 ex
576 1429 702 1492 Graecis
719 1429 943 1513 scriptoribus
954 1431 1111 1494 flosculos
1120 1432 1303 1517 colligere,
1323 1451 1455 1496 summa
1466 1430 1540 1493 laus
1552 1449 1623 1492 esse
1636 1429 1778 1492 videba-

377 1543 448 1616 tur,
468 1543 500 1596 et
514 1535 602 1596 bene
615 1533 851 1620 Quintilianus
865 1538 908 1600 de
923 1535 1115 1621 priscorum
1130 1539 1314 1602 verborum
1334 1536 1507 1621 gravitate.
1527 1534 1668 1616 (Institt.
1681 1537 1779 1598 llbe-

377 1648 437 1700 tor.
460 1661 487 1700 1.
506 1642 535 1700 6.
556 1639 626 1723 39.)
644 1641 784 1714 ,Verba
805 1660 825 1704 a
842 1650 1007 1704 vetustate
1028 1642 1187 1726 repetita,
1209 1661 1280 1704 non
1300 1641 1412 1704 solum
1433 1659 1574 1724 magnos
1596 1650 1777 1703 assertores

375 1746 520 1829 hahent,
539 1748 599 1809 sed
620 1745 723 1809 etiam
743 1742 891 1811 afferunt
911 1748 1059 1810 orationi
1074 1746 1283 1824 majestatem
1297 1747 1470 1829 aliquam,
1490 1765 1559 1808 non
1575 1744 1648 1806 sine
1663 1745 1779 1810 delec-

376 1850 522 1927 tatione3
544 1871 623 1912 nam
645 1861 678 1915 et
698 1852 933 1916 auctoritatem
954 1853 1170 1934 antiquitatis
1186 1854 1314 1916 habent
1334 1863 1367 1916 ct
1388 1871 1463 1933 quae
1479 1850 1671 1912 intermissa
1688 1859 1778 1933 sunt,

374 1955 518 2038 gratiam
539 1956 685 2019 novitati
708 1957 857 2019 similem
868 1958 1021 2041 parant.''
1044 1959 1155 2041 Quam
1177 1959 1380 2043 dignitatem
1401 1955 1775 2020 orationisSatustianae

373 2061 450 2141 quis
471 2071 536 2144 est,
556 2061 641 2144 quin
663 2061 897 2126 intellexerit?
915 2063 981 2126 Sed
1003 2063 1110 2124 Aulus
1131 2062 1264 2125 Gellius
1284 2063 1345 2144 qui
1366 2069 1399 2127 et
1419 2062 1492 2144 ipse
1506 2061 1691 2122 Salustium
1713 2079 1779 2122 no-

374 2177 524 2230 vatorem
543 2169 727 2232 verborum
748 2175 782 2232 et
800 2168 1049 2253 proprietatum
1068 2169 1106 2230 in
1126 2169 1242 2234 verbis
1260 2167 1563 2232 retinentissimum
1586 2165 1670 2228 dicit
1692 2165 1776 2249 (cfr.

374 2274 483 2335 Noett.
503 2274 569 2334 att.
595 2295 620 2340 r.
643 2276 690 2335 15.
712 2282 746 2337 ct
768 2294 815 2342 ro.
838 2275 914 2358 ao.)
935 2275 1023 2338 hene
1045 2285 1179 2358 monet,
1208 2272 1461 2338 honorationis
1482 2272 1778 2336 exornandaestu»

375 2376 489 2461 dium,
521 2378 648 2440 multos
674 2379 834 2441 habuisse
862 2381 1105 2442 obtrectatores
1135 2378 1220 2462 (cfr
1248 2379 1324 2442 Lib.
1342 2381 1397 2443 IV.
1417 2398 1445 2441 e.
1468 2379 1542 2458 ιδ.)
1574 2375 1777 2464 Elegantia

374 2479 557 2546 orationis
578 2478 752 2565 Salustii,
785 2482 1043 2566 verborumque
1065 2479 1247 2567 facundia
1275 2491 1312 2548 et
1332 2481 1492 2550 novandi
1509 2479 1669 2545 studium
1694 2501 1776 2543 cum

261 2618 265 2631 ·
373 2587 491 2647 multa
505 2605 663 2666 prorsus
683 2581 820 2647 inuidia
830 2583 915 2672 fuit
927 2610 941 2660 ,·
970 2584 1147 2668 multique
1167 2609 1241 2650 non
1264 2585 1439 2654 mediocri
1459 2585 1604 2677 ingenio
1627 2583 1696 2652 viri
1713 2607 1775 2648 eo·

375 2685 460 2753 nali
477 2698 564 2752 sunt
584 2687 842 2770 reprehendere
856 2691 1035 2771 pleraque
1055 2701 1089 2752 et
1100 2689 1319 2776 obtrectare,
1339 2691 1378 2756 in
1400 2693 1649 2776 quibusplurn
1664 2685 1787 2755 insci·

377 2805 412 2861 te
432 2804 499 2860 aut
520 2791 681 2884 maligne
702 2791 887 2876 vellicant,
908 2797 1090 2858 nonnulla
1106 2805 1227 2860 tamen
1243 2794 1355 2860 videri
1364 2812 1516 2881 possunt
1535 2817 1610 2862 non
1622 2791 1775 2884 indigna

376 2897 660 2986 reprehensione.
690 2901 730 2962 ln
751 2899 911 2983 plurimis
930 2920 1012 2964 vero
1034 2901 1206 2987 malignos
1224 2923 1296 2967 sese
1315 2903 1498 2988 prebuisse
1514 2905 1779 2985 reprehensores

374 3019 467 3094 patet
488 3031 528 3073 ex
549 3009 612 3086 iis,
633 3028 709 3091 quae
728 3007 836 3070 Aulus
857 3007 991 3072 Gellius
1012 3027 1052 3071 ex
1072 3008 1214 3070 illorum
1236 3009 1491 3072 eornmentariis
1512 2993 1675 3070 larudavit.
1708 3006 1777 3068 Cfr.

375 3117 414 3175 X.
434 3117 483 3176 26.
506 3115 566 3175 ubi
595 3135 673 3178 eum
695 3115 851 3179 defendit
871 3119 966 3196 quod
986 3115 1090 3179 maris
1122 3115 1302 3179 transitum
1325 3115 1469 3176 navibus
1498 3113 1624 3174 sactum
1652 3120 1774 3174 trans-

372 3239 535 3307 gressum
557 3219 779 3298 appellaverit
800 3222 1027 3282 eth.15.uhi
1050 3225 1093 3283 de
1115 3221 1366 3304 significatione
1386 3219 1479 3280 vocis
1488 3215 1599 3280 cardui
1612 3215 1776 3278 subtilius

375 3324 524 3406 disputat
544 3321 798 3402 Salustiumque
819 3322 862 3381 ab
882 3321 994 3382 Asinii
1015 3322 1184 3384 Pollionis
1206 3323 1327 3403 iniqua
1349 3321 1587 3407 objurgatione
1608 3317 1774 3384 defendit.

373 3431 407 3489 Is
427 3427 519 3490 enim
540 3427 757 3511 gravissimus
778 3430 1012 3489 Romanorum
1039 3427 1245 3510 scriptorum
1267 3447 1406 3511 censor,
1427 3449 1503 3489 eum
1525 3427 1594 3490 alia
1616 3437 1687 3488 tum
1708 3427 1777 3488 hoe

375 3531 515 3614 erravit,
538 3534 631 3613 quod
652 3532 802 3609 Attejum
814 3531 1035 3616 Philologum
1046 3533 1196 3595 Salustio
1217 3533 1359 3614 antiqua
1378 3535 1482 3596 verba
1503 3542 1535 3596 et
1550 3532 1676 3617 figuras
1690 3530 1773 3594 soli·

373 3651 445 3702 tum
467 3659 538 3702 esse
558 3637 724 3722 colligere
744 3636 893 3714 dixerat;
924 3639 1051 3719 ercdo,
1082 3640 1175 3719 quod
1197 3636 1227 3700 is
1247 3637 1494 3700 Grammaticus
1514 3637 1700 3699 Salustium
1722 3634 1773 3698 la-

372 3744 588 3808 milarissime
609 3743 716 3806 coluit
739 3751 772 3805 et
791 3740 963 3804 breviario
985 3762 1097 3804 rerum
1111 3745 1343 3806 Romanarum
1359 3743 1538 3824 exquibus
1556 3761 1639 3823 quas
1652 3741 1776 3822 vellet,

374 3848 531 3932 eligeret,
551 3849 721 3912 instruxit.
743 3847 829 3932 (cir.
848 3849 987 3910 Sueton.
1006 3849 1050 3909 de
1070 3847 1196 3910 Illustr.
1218 3849 1332 3911 Gram.
1353 3869 1379 3910 e.
1404 3869 1451 3912 ιο.
1472 3849 1629 3910 Ceterum
1650 3847 1773 3909 obseu-

291 3933 298 3952 *
372 3973 448 4015 rum
469 3971 539 4017 esse
558 3953 744 4016 Salustium
766 3962 799 4016 et
820 3955 982 4015 audacem
1003 3952 1040 4014 in
1063 3952 1344 4016 translationibus
1362 3953 1545 4016 Suetonius
1573 3963 1606 4016 et
1627 3952 1700 4035 ipse
1720 3949 1774 4012 af-

371 4059 492 4122 firmat.
512 4057 595 4138 (elr.
608 4058 631 4119 l.
646 4059 699 4138 e.)
726 4059 792 4120 Sed
813 4057 875 4119 alii
895 4055 965 4118 alia
982 4055 1187 4140 vituperant.
1221 4056 1342 4134 Trojus
1358 4057 1539 4141 Pompejus
1558 4057 1651 4120 enim
1671 4057 1709 4118 in
1730 4075 1774 4120 eo

372 4163 609 4248 reprehendit,
630 4165 725 4242 quod
746 4163 927 4225 conciones
947 4163 1093 4225 directas
1114 4172 1147 4226 et
1168 4161 1339 4226 orationes
1370 4161 1467 4245 operi
1496 4181 1558 4223 suo
1587 4159 1772 4226 inferendo

371 4269 522 4334 historiae
544 4269 685 4332 modum
708 4268 893 4332 excesserit.
915 4267 1001 4352 (cfr.
1021 4266 1149 4332 Justini
1170 4267 1257 4333 Hist.
1278 4264 1353 4330 Lib.
1373 4267 1556 4330 XXXVIII.
1573 4286 1602 4328 c.
1622 4264 1669 4350 3.)
