4108 4976
379 423 451 499 272

379 613 459 660 rum
479 587 622 676 proprie
640 581 711 648 diei
732 598 803 644 non
821 579 951 662 poteet3
980 571 1089 637 simili
1115 567 1249 635 ratione
1273 567 1379 655 poulo
1404 564 1497 632 inire
1515 565 1604 634 dixit
1631 587 1704 654 erp.
1730 583 1782 648 41.

339 720 342 727 ’
380 701 519 766 multoe
530 685 701 758 mortalis
698 681 811 775 ferro
828 688 897 746 out
906 671 1010 769 sugo
1030 671 1218 758 restinxit,
1236 681 1271 740 et
1283 689 1332 754 49.
1354 671 1415 738 uti
1431 693 1607 757 quemque
1618 671 1783 758 pecunia
1871 721 1873 724 ,

382 810 450 870 aut
470 802 610 868 honore
629 792 814 858 extulerat
834 795 868 852 et
887 805 991 870 supra
1011 799 1056 860 14.
1084 801 1223 865 semper
1248 779 1288 843 ia
1314 773 1510 867 sanguiue,
1528 772 1658 868 serre,
1678 773 1782 868 suga

382 900 612 985 versabimur,
632 906 666 963 et
686 917 757 979 cap.
773 914 823 974 17.
837 910 1003 974 posuere.
1023 889 1097 950 Cat.
1110 887 1160 949 51.
1180 905 1273 966 quae
1292 880 1379 946 belli
1395 878 1547 947 eaevitia
1559 889 1669 965 erret,
1690 903 1783 964 quae

384 1002 725 1085 vietuaceiderent,
746 1000 1057 1074 enumeraveram
1076 993 1148 1053 Cet.
1160 991 1209 1053 86.
1230 982 1451 1053 instituta-
1469 983 1705 1052 dierere·e.-
1716 987 1782 1050 teu·

380 1133 575 1182 manorum
594 1126 717 1174 rerum
738 1120 942 1168 memorem.
962 1094 1187 1176 efr.104..eub
1195 1091 1332 1188 jugum
1352 1087 1566 1156 missurum.¹
1577 1093 1721 1156 laudant
1739 1095 1783 1156 de

380 1205 449 1284 hoe
470 1236 567 1282 more
586 1212 659 1278 Lir.
675 1210 767 1274 818.
795 1215 829 1272 et
847 1205 991 1288 Dionys.
1011 1203 1089 1265 Ant.
1109 1203 1211 1264 Rom.
1227 1204 1258 1263 8.
1273 1217 1322 1264 rr.
1349 1197 1488 1263 videtur
1505 1199 1676 1283 iugurtha
1704 1199 1782 1262 imi·

377 1333 470 1390 tatus
489 1340 561 1387 esee
580 1305 817 1380 Romeuoruru
837 1329 985 1392 morem,
1004 1316 1044 1370 ut
1061 1325 1182 1370 eorum
1194 1305 1331 1370 animos
1345 1304 1482 1390 greriue
1498 1304 1704 1370 vulneraret.
1725 1303 1785 1368 de·

375 1405 559 1496 rederent.
579 1424 669 1486 Med.
683 1422 713 1484 8.
727 1419 881 1483 iuven.
894 1435 920 1478 r.
942 1435 967 1475 a
987 1406 1165 1480 Numidia
1185 1406 1393 1474 diseederet.
1414 1410 1504 1473 Med.
1519 1428 1550 1490 9.
1561 1412 1646 1478 Ver.
1659 1413 1690 1474 8.
1706 1406 1784 1473 'dir-

383 1533 560 1596 eedereut.
579 1517 655 1591 Vei.
671 1525 701 1586 5.
729 1524 787 1586 sed
814 1517 961 1604 pluralis
987 1535 1150 1580 numerus
1175 1517 1211 1578 h.
1230 1515 1255 1580 1.
1275 1513 1409 1577 nullam
1427 1514 1500 1580 vim
1519 1516 1640 1596 hahet3
1670 1523 1704 1581 et
1724 1515 1785 1582 de-

381 1634 507 1706 cedere
528 1623 946 1710 roeuhulum-proprium
972 1629 1031 1687 est.
1051 1621 1167 1704 plena
1176 1615 1323 1709 forent.
1353 1621 1514 1688 Medur.
1544 1640 1620 1702 quae
1639 1619 1786 1686 vertetu

382 1738 515 1818 neseio,
541 1755 587 1798 an
612 1733 757 1798 verbum
779 1727 1029 1794 substantivum
1056 1733 1249 1809 suspectum
1275 1725 1419 1789 reddere
1443 1724 1560 1809 poerit.
1588 1725 1786 1788 mutabant

322 1847 323 1850 ’
383 1845 470 1912 Min.
488 1867 514 1906 1.
535 1859 639 1922 quam
660 1837 795 1901 Curtius
813 1852 930 1899 verum
949 1830 1134 1897 lectionem
1153 1829 1287 1894 habuit.
1306 1831 1367 1894 eed
1378 1829 1533 1912 quamvis
1542 1829 1659 1893 multis
1670 1848 1786 1894 uem·
1825 1915 1830 1928 ⁸

266 1921 270 1926 Ι
383 1951 453 2037 plie
473 1943 727 2031 comprobavit,
746 1949 891 2006 mutare
917 1945 951 2003 et
969 1937 1113 2001 verbum
1132 1943 1294 2000 neutrum
1314 1943 1349 1999 et
1367 1933 1680 1999 verbum‘uctivum
1700 1955 1786 2022 esee,

381 2065 498 2121 tamen
517 2056 590 2118 hee
610 2049 728 2115 omnia
747 2065 820 2112 nou
846 2050 926 2109 eunt
952 2039 1055 2119 hujus
1083 2039 1171 2106 loci:
1200 2061 1279 2104 cum
1300 2039 1397 2104 enim
1425 2047 1572 2106 mutare
1597 2039 1692 2105 idem
1707 2041 1787 2126 eig-

381 2159 509 2242 nificat,
529 2158 623 2239 quod
644 2153 831 2235 redimere,
855 2148 999 2214 verbum
1020 2154 1181 2212 neutrum
1201 2163 1273 2212 esee
1292 2165 1365 2210 non
1384 2154 1505 2230 potent.
1535 2148 1603 2210 hoc
1624 2165 1703 2210 eum
1723 2149 1787 2210 do-

382 2283 459 2330 oere
478 2266 636 2347 poterent
654 2257 809 2341 exempla
829 2255 872 2318 eb
893 2253 968 2336 ipso
989 2253 1128 2317 laudate
1148 2251 1246 2316 Cutil.
1263 2253 1326 2315 18.Ι
1343 2271 1447 2316 memo
1464 2247 1549 2316 aiei
1573 2247 1690 2316 vietor
1716 2250 1788 2315 bel..

382 2371 457 2434 lum
463 2388 557 2451 paee
575 2360 741 2446 mutavit,
761 2371 794 2426 et
805 2360 1034 2442 HietFrugm.
1047 2363 1077 2421 ³.
1089 2358 1149 2420 Or.
1162 2354 1368 2423 Uediouis
1390 2351 1791 2454 euuetaquepraeeeute'
1822 2348 1825 2352 ’

384 2469 530 2563 ignavia
558 2464 740 2534 mutastis.
766 2474 800 2532 et
829 2463 951 2528 Getull.
978 2485 1008 2527 e.
1028 2479 1075 2527 11.
1104 2457 1171 2545 qui
1195 2469 1263 2526 tua
1271 2455 1389 2551 saeta
1413 2461 1470 2523 vel
1485 2460 1628 2523 talento
1649 2457 1790 2524 mutari

386 2573 478 2640 velit.
501 2573 561 2639 cir.
578 2575 688 2639 Plaut.
708 2574 802 2655 Cepi.
822 2571 911 2653 prol.
921 2570 978 2646 ²83
1004 2568 1053 2640 id.
1070 2589 1098 2634 1.
1117 2589 1146 2628 1.
1160 2569 1210 2630 85.
1231 2574 1266 2629 et
1280 2587 1308 2628 1.
1325 2583 1354 2628 r.
1372 2566 1422 2627 61.
1451 2562 1577 2645 quihue
1601 2563 1688 2628 locis
1707 2585 1788 2627 mre-

336 2683 337 2686 ’
385 2689 468 2752 tare
488 2697 556 2762 *pro
574 2682 791 2760 permutare
811 2673 941 2734 dictum
962 2680 1022 2736 est.
1041 2689 1159 2736 eensue
1177 2669 1287 2754 igitur
1310 2669 1416 2734 totius
1433 2667 1505 2732 loci
1524 2673 1588 2734 est:
1616 2669 1787 2750 quiahoc

383 2787 489 2852 modo
509 2781 631 2847 mortio
652 2787 746 2846 metu
766 2777 1014 2846 liberabuntur.
1034 2776 1236 2858 absurdum,
1253 2776 1357 2857 quod
1377 2774 1491 2840 editor
1509 2773 1641 2859 Bipont.
1660 2781 1789 2858 proetu-

382 2892 440 2956 lit:
462 2887 657 2956 nutabar'rt.

445 2997 524 3081 Cap.
544 2995 692 3059 XXXIX.
714 2995 836 3060 dolere
849 3013 933 3078 pro.
953 2992 1049 3060 rurio
1070 2996 1174 3058 modo
1192 2991 1543 3058 dolereeonetruitur.
1563 2985 1790 3071 1191111111-

383 3101 565 3183 curatii-ue,
584 3101 768 3180 ablativus,
790 3121 867 3165 cum
887 3119 991 3186 praep.
1006 3104 1066 3185 de,
1087 3121 1144 3186 ex,
1167 3119 1208 3185 a,
1225 3097 1631 3183 veleiuepraepositione.
1651 3095 1711 3160 sed
1725 3092 1791 3158 do·-

383 3208 457 3270 tere
470 3225 560 3290 pro,
577 3215 745 3286 quantum
761 3206 922 3288 equidem
944 3207 1033 3292 ecio,
1063 3207 1163 3270 nullo
1182 3205 1260 3270 loeo
1290 3203 1448 3271 occurrit.
1475 3202 1590 3268 simile
1610 3203 1693 3266 hoe:
1715 3219 1789 3284 pro

380 3311 504 3384 ,salute
517 3306 640 3374 eeeuri
655 3312 732 3374 Tae.
749 3310 861 3396 Agric.
881 3315 929 3378 16.
945 3321 979 3376 et
998 3311 1071 3374 Lir.
1088 3325 1118 3386 4-.
1136 3316 1186 3387 54.
1217 3331 1293 3376 uon
1310 3329 1382 3392 pro
1404 3304 1701 3390 communicatis,
1728 3306 1795 3370 red

207 3485 208 3488 ¹
330 3405 334 3412 ’
379 3433 451 3494 pro
473 3409 615 3477 omieeie
634 3413 834 3478 honoribus
845 3409 1019 3503 fremere.
1039 3416 1107 3480 Cic.
1123 3417 1166 3480 de
1176 3414 1249 3478 rin.
1266 3437 1292 3478 ι.
1304 3435 1334 3494 9.
1357 3413 1517 3480 dolorem
1529 3412 1789 3496 eueer'lrerepra

377 3510 523 3598 patria,
537 3536 610 3597 pro
630 3518 717 3579 suu.
730 3516 905 3582 -timere
924 3517 1091 3584 libertati
1108 3519 1132 3582 i.
1153 3541 1181 3582 e.
1193 3521 1387 3603 -timebant,
1413 3538 1459 3583 ne
1477 3518 1651 3584 servitutis
1666 3517 1789 3602 jugum

382 3617 549 3684 Romanis
570 3637 590 3682 a
609 3620 780 3706 iugurtha
800 3619 1044 3703 imponeretur.
1058 3618 1434 3712 praeeterifueraut.
1454 3623 1478 3686 1.
1498 3643 1529 3688 e.
1547 3623 1613 3706 qui
1632 3622 1671 3686 in
1683 3608 1792 3688 ¹bellis

384 3726 567 3810 preclaros
587 3745 659 3790 sese
678 3725 904 3809 prebuerant.
924 3745 1037 3789 manu
1057 3725 1081 3788 1.
1104 3745 1132 3790 e.
1151 3725 1293 3812 virtute,
1319 3726 1544 3814 tortitudine,
1563 3727 1625 3794 eir.
1644 3747 1716 3813 erp.
1737 3728 1788 3808 98.
1804 3793 1807 3800 ,

384 3851 497 3893 mauu
508 3833 697 3897 consulere
707 3826 895 3896 militibus.
904 3872 945 3886 -
956 3831 1000 3897 ob
1013 3853 1056 3897 ea
1065 3867 1108 3886 -
1117 3827 1259 3898 timeae.
1274 3834 1392 3898 omniu
1401 3853 1493 3902 eene.
1504 3855 1581 3916 que
1594 3841 1686 3899 reete
1697 3834 1789 3898 Cori.

387 3943 507 4000 contra
535 3937 673 4000 Gruteri
702 3937 925 4008 temeritatem
955 3937 1125 4023 defendit,
1156 3939 1236 4023 qui,
1261 3946 1302 4002 ut
1321 3959 1409 4024 sepe
1436 3940 1536 4024 alies,
1555 3940 1605 4004 ite
1619 3942 1691 4004 ⁴hoe
1709 3938 1791 4002 looo

384 4041 494 4107 multa
519 4040 695 4104 abundare
720 4041 863 4108 dixerat.
885 4043 1074 4108 exercitui.
1100 4063 1179 4106 eum
1198 4043 1303 4108 etiam
1322 4045 1486 4109 hocloco
1507 4043 1523 4110 i
1539 4047 1642 4110 litera
1661 4043 1701 4110 in
1713 4047 1791 4108 Nee:

384 4148 486 4231 desit,
506 4145 544 4212 111
565 4145 664 4208 Febr.
681 4166 708 4207 1.
729 4145 772 4210 ab
792 4145 862 4210 aliu
881 4167 986 4214 mauu
1005 4148 1136 4232 adJeeta
1154 4147 1213 4234 sit,
1234 4147 1398 4216 exercitu
1416 4150 1637 4216 scribendum
1657 4143 1793 4216 erueri-

385 4255 493 4318 detur.
519 4253 806 4337 supplementum
832 4253 999 4320 dicuntur
1021 4255 1150 4320 militer
1176 4255 1220 4318 ed
1241 4255 1374 4336 justum
1399 4256 1580 4344 legionum
1607 4273 1794 4322 numerum
