4116 4970
389 387 435 460 82

391 579 495 642 ternis
515 581 717 646 nominibus
735 581 845 647 inesse
864 591 1014 668 putatur.
1035 583 1073 648 in
1091 583 1447 650 eandemsententiam
1457 587 1575 648 Horat.
1584 587 1691 650 serm.
1708 611 1733 648 ι.
1753 591 1784 650 3.

352 735 359 744 .
391 702 439 747 ια.
480 683 618 750 Omnia
635 708 771 777 magna
793 691 944 772 loquens
982 691 1090 754 modo
1116 709 1219 777 reges
1251 696 1363 771 atque
1395 691 1615 756 tetrarchus.
1657 693 1784 756 Lucan.

394 809 422 866 7.
454 793 524 851 226.
557 787 650 855 sicci
673 792 740 856 sed
758 793 928 876 plurima
957 791 1079 879 campi
1119 793 1516 882 Tetrorehneregesque
1550 803 1673 858 tenent
1705 817 1784 860 tnn-

384 889 520 982 gnique
543 901 696 983 tyranni
723 931 767 948 -
791 895 931 980 populi
949 895 1145 964 nationes.-
1177 900 1221 962 de
1244 897 1386 982 propria
1415 895 1581 962 nationis
1607 899 1781 984 signitica-

387 997 480 1060 tione
513 998 574 1067 cir.
608 999 714 1064 Tacit.
744 1001 906 1064 German.
939 1003 991 1066 38.
1025 1003 1099 1070 scil.
1124 1022 1203 1088 pars
1222 1003 1335 1088 gentis
1363 1011 1423 1067 est.
1434 1005 1618 1086 'populum
1645 1003 1714 1068 Cin
1736 1007 1779 1070 de

383 1121 453 1187 rcp.
480 1125 555 1169 non
588 1126 729 1170 ornnem
759 1114 902 1172 coetum
933 1103 1181 1172 multitudinis
1208 1108 1274 1172 sed
1300 1114 1451 1171 coetum·
1463 1091 1577 1193 juris*
1593 1127 1771 1173 consensu

383 1215 418 1272 et
445 1205 625 1274 utilitatis
646 1207 901 1276 communione
919 1211 1101 1276 sociatum
1117 1207 1216 1280 dicit.
1237 1211 1298 1276 cir.
1317 1211 1497 1296 Augustin.
1526 1213 1569 1274 de
1600 1211 1673 1280 civ.
1702 1213 1777 1276 Dei.

388 1333 434 1394 ¹9·
469 1331 519 1376 rr.
553 1325 586 1378 et
620 1314 688 1378 Cic.
709 1316 753 1377 de
772 1316 857 1398 Rep.
880 1316 968 1379 Edit.
988 1317 1139 1384 Schuetz.
1159 1336 1235 1402 pag.
1269 1335 1340 1382 roo.
1370 1317 1430 1380 sed
1463 1317 1538 1380 baec
1571 1315 1728 1382 delinitio
1759 1337 1780 1380 a

380 1419 541 1506 Scipione
561 1438 622 1482 seu
643 1419 807 1484 Cicerone
829 1420 1017 1504 excogitata
1037 1441 1109 1487 esse
1125 1416 1284 1504 ridetur3
1303 1419 1398 1486 vocis
1418 1431 1508 1485 certe
1521 1419 1693 1506 originem
1706 1441 1778 1486 non

381 1522 538 1606 explicat.
559 1521 647 1587 boni
665 1531 777 1604 atque
785 1521 944 1610 strenui,
967 1521 1105 1590 nobiles
1113 1534 1147 1590 et
1157 1521 1335 1614 ignobiles
1348 1529 1462 1593 Vana.
1472 1534 1592 1608 atque.
1601 1521 1777 1614 ignobiles

380 1646 447 1690 om.
470 1629 738 1691 Med.12.baud
759 1628 925 1694 ineruditi
946 1630 1084 1693 librarii
1104 1630 1319 1714 emendatio,
1348 1630 1478 1714 quippe
1505 1630 1564 1711 qui
1588 1633 1654 1695 hoo
1676 1630 1778 1692 dubi-

381 1733 443 1796 tari
466 1753 537 1798 non
563 1751 663 1818 posse
690 1734 828 1819 statuit,
859 1733 1031 1819 ignobiles
1059 1735 1152 1800 inter
1176 1735 1301 1820 vulgus
1326 1733 1430 1800 luisse
1451 1736 1595 1818 relatos,
1626 1733 1777 1815 ideoque

376 1837 505 1902 omisit.
524 1841 583 1902 sed
604 1840 677 1903 hac
695 1841 800 1903 rerba
826 1841 870 1902 ab
891 1851 1029 1906 auctore
1052 1839 1171 1904 addita
1190 1849 1291 1916 sunt,
1319 1849 1358 1904 ut
1377 1840 1516 1924 plenius
1536 1849 1637 1920 atque
1657 1839 1778 1922 copio-

376 1944 446 2008 sius
467 1944 596 2008 diceret
616 1965 804 2028 omnesque
822 1945 897 2010 sine
925 1945 1124 2010 discrimine
1144 1949 1288 2010 eandem
1309 1945 1484 2008 fortunam
1511 1963 1688 2030 perpessos
1714 1945 1775 2006 do-

377 2059 477 2116 ceret.
499 2052 625 2140 volgus
634 2045 794 2140 fuimus.
822 2051 908 2134 quid
928 2054 995 2116 hot
1015 2049 1186 2136 significet
1205 2051 1383 2131 sequentia
1403 2049 1593 2134 explicant,
1613 2049 1687 2134 pari
1702 2069 1774 2110 mo-

375 2159 420 2220 do
439 2156 564 2219 lustin.
579 2172 629 2233 41·
650 2177 683 2236 ις
705 2153 817 2220 veluti
832 2159 961 2245 uolgus
980 2151 1059 2220 sine
1077 2151 1227 2219 nomine
1240 2154 1384 2236 praedo
1413 2150 1589 2219 victorum
1601 2149 1715 2236 fuere
1733 2191 1774 2204 --

374 2258 429 2324 tis
450 2260 582 2326 obnor.
603 2258 658 2326 iis.
678 2261 753 2328 Vat.
769 2280 799 2323 a.
814 2258 910 2324 lalso.
930 2261 997 2328 Sal.
1012 2259 1106 2326 enim
1118 2259 1245 2344 saepius
1254 2259 1461 2343 pronomine
1481 2260 1555 2340 laic,
1579 2259 1685 2342 haee,
1706 2257 1781 2322 hoc·

372 2385 434 2450 pro
447 2363 497 2448 is,
511 2388 565 2447 ea,
586 2365 624 2430 id
640 2367 764 2444 utitur,
784 2366 1049 2451 quolegcntium
1060 2365 1309 2450 animosmagis
1321 2367 1362 2426 ad
1377 2365 1431 2446 id,
1443 2367 1537 2446 quod
1549 2365 1701 2427 dicturus
1714 2372 1773 2446 est,

374 2475 534 2534 atlvertat.
555 2468 709 2537 obnoxii
718 2511 760 2524 -
761 2467 973 2560 formidini,
993 2481 1076 2536 nota
1096 2469 1223 2534 iormas
1250 2479 1396 2532 mutatas
1415 2469 1454 2533 in
1475 2469 1651 2552 oppositis.
1675 2469 1776 2551 apud

371 2577 451 2638 vide
465 2579 548 2637 Fest.
577 2615 595 2647 ss
608 2576 709 2657 apud
719 2583 751 2636 et
763 2595 873 2656 penes
883 2574 923 2636 in
940 2577 1007 2635 hoc
1027 2571 1207 2656 differunt,
1227 2578 1322 2653 quod
1339 2575 1484 2636 alterum
1499 2591 1679 2656 personam
1694 2595 1770 2638 cum

370 2681 448 2744 loco
468 2677 657 2762 significat:
678 2677 824 2739 alterum
840 2695 1022 2760 personam
1043 2687 1076 2740 et
1097 2677 1292 2740 dominium
1313 2698 1352 2741 ac
1371 2678 1606 2762 potestatem.”
1628 2683 1685 2742 sed
1706 2681 1770 2742 boc

370 2784 556 2848 discrimen
588 2782 753 2848 hocloco
781 2801 852 2845 non
877 2761 1057 2844 servolum.
1088 2781 1148 2844 cir.
1168 2781 1292 2848 lustin.
1318 2803 1349 2862 9.
1376 2785 1407 2854 8.
1434 2783 1536 2866 apud
1559 2805 1637 2847 eunt
1666 2785 1770 2847 nulla

370 2883 469 2954 ratio
493 2885 657 2954 vincendi
675 2883 812 2971 turpis,
833 2895 866 2952 et
894 2908 941 2950 αι.
957 2888 987 2948 6.
1011 2887 1114 2970 opud
1138 2909 1218 2953 eum
1247 2883 1430 2971 cupiditas
1450 2907 1526 2953 non
1547 2883 1769 2952 terminatur

367 2998 443 3060 ullo
466 2997 584 3062 modo.
604 3033 646 3048 —
676 2990 736 3058 illi
760 3013 828 3059 om.
851 2993 942 3056 Med.
967 3007 1015 3052 ra.
1043 2994 1136 3074 quod
1156 2993 1273 3057 neseio
1295 3013 1339 3056 an
1365 2993 1480 3058 verius
1509 2993 1563 3060 sit.
1598 2986 1769 3074 pericula
1871 3001 1872 3006 ’

368 3104 543 3182 repulsas.
564 3124 665 3181 quem
689 3109 899 3164 mutaveram
917 3098 1102 3164 verborum
1124 3100 1301 3184 ordinem,
1319 3096 1464 3184 plurimi
1485 3117 1526 3162 ex
1546 3097 1652 3159 Codd.
1673 3095 1769 3160 ltali-

367 3206 415 3266 cis
445 3204 606 3266 retinent.
629 3205 732 3268 etiam
752 3209 827 3270 Vat.
843 3224 873 3266 a.
898 3207 959 3266 sed
979 3203 1136 3284 quamvis
1153 3205 1301 3288 vulgatae
1318 3203 1480 3268 lectionis
1499 3221 1680 3264 nnmerum
1700 3201 1768 3264 ele-

365 3311 556 3394 gantiorem
586 3309 706 3392 dieas,
739 3315 853 3371 tamen
880 3309 985 3389 ordo,
1020 3327 1124 3386 quem
1153 3309 1314 3370 meliores
1342 3307 1427 3370 libri
1450 3307 1633 3386 exhibent,
1654 3302 1767 3368 verbis

366 3433 440 3494 quae
455 3417 676 3496 antecedunt,
697 3412 805 3497 magis
817 3413 1024 3494 respondere
1033 3408 1180 3478 videtur.
1201 3431 1224 3477 o
1236 3405 1446 3501 fortissimi
1463 3409 1540 3476 viri.
1559 3415 1765 3482 Vat.a.1,a.

364 3533 392 3594 4.
416 3514 569 3580 victorin
591 3513 629 3580 in
650 3537 763 3578 manu
783 3522 847 3577 est.
878 3515 976 3581 Barb.
990 3519 1019 3578 3.
1041 3515 1148 3580 Vatic.
1161 3519 1191 3578 6.
1220 3516 1419 3581 brevissima
1445 3515 1585 3599 quidem
1612 3518 1674 3581 sed
1696 3535 1765 3580 non

363 3623 493 3710 optima
513 3621 637 3701 lectio;
667 3639 822 3704 personae
842 3619 935 3684 enim
955 3619 1236 3682 commemoratio
1255 3631 1396 3705 propter
1415 3621 1592 3702 sequentia
1612 3635 1767 3686 necessa·

363 3731 424 3796 ria.
445 3734 504 3794 sed
526 3731 640 3794 nescio
662 3746 706 3790 an
726 3727 910 3792 verborum
926 3723 1076 3811 positus,
1095 3724 1156 3806 qui
1176 3729 1268 3809 apud
1288 3725 1503 3790 Priscianum
1520 3735 1587 3810 est,
1609 3723 1765 3792 victorin

360 3835 464 3898 nobis
484 3833 522 3898 in
544 3857 655 3900 manu
675 3833 907 3922 preferendus
925 3832 979 3896 sit.
1012 3825 1149 3894 illis-
1176 3828 1301 3896 omnia
1320 3837 1590 3897 consenuerunt
1610 3826 1641 3916 ι’.
1654 3854 1685 3896 e.
1706 3833 1764 3898 de-

360 3939 480 4020 ficere,
500 3938 735 4024 languescere,
755 3940 908 4024 vigorem
930 3937 1096 4003 amittere.
1117 3935 1178 3999 cfr.
1199 3936 1290 4006 Flor.
1307 3939 1379 4009 m.
1401 3935 1514 4000 donec
1537 3931 1674 4002 invicta
1696 3935 1763 4002 illa

360 4041 475 4110 rabies
496 4051 531 4105 et
557 4039 712 4124 impetus
735 4052 1012 4107 consenesceret.
1033 4042 1101 4108 Cic.
1126 4045 1168 4104 de
1186 4042 1280 4104 Orat.
1301 4062 1328 4108 1.
1347 4042 1398 4108 38·
1420 4049 1552 4106 veteres
1573 4042 1671 4130 leges
1694 4051 1764 4106 aut

359 4139 456 4234 ipsos
476 4171 544 4214 suu
568 4153 745 4210 vetustate
766 4141 1013 4224 consenuisse3
1035 4147 1140 4210 etiam
1160 4145 1295 4212 dativus
1312 4145 1419 4208 verbo
1435 4144 1575 4224 junctus
1591 4165 1612 4208 a
1626 4147 1763 4236 vulgari

358 4274 514 4319 sermone
535 4254 668 4320 alienus
688 4259 757 4340 est,
775 4253 835 4318 sed
856 4252 949 4340 apud
969 4250 1160 4318 Historicos
1190 4250 1272 4316 satis
1298 4250 1469 4334 frequens.
1500 4249 1664 4336 expediet
1685 4252 1710 4318 i.
1730 4271 1760 4322 e.
