4108 4976
370 355 442 451 ilo

372 550 520 635 Sullam,
540 549 636 631 cujus
657 549 862 644 eloquentie
881 550 989 616 hoca
1002 551 1135 615 Manlio
1156 553 1275 618 datum
1294 547 1359 632 sit,
1376 550 1482 615 verba
1501 547 1619 615 fecisse
1639 549 1772 636 dicits)

374 655 486 720 Etiam
507 675 548 722 eo
569 658 662 742 loco,
683 657 745 720 ubi
767 657 942 741 Appianus
962 659 1006 720 de
1022 659 1192 748 iugurtha
1212 662 1310 739 capto
1331 655 1485 740 exponit,
1513 653 1615 718 heile
1634 655 1775 722 intelle-

375 760 480 844 xeris,
507 763 596 826 alius
614 763 740 846 potius,
757 761 961 847 scriptoris,
976 783 1079 843 quam
1104 761 1244 824 Salustii
1262 761 1367 824 verba
1392 761 1435 821 ab
1457 779 1499 822 eo
1520 778 1591 824 esse
1610 753 1775 844 supressa.

372 869 501 949 neque,
530 867 591 929 ubi
619 867 715 930 libro
730 869 796 932 ·v1.
824 869 912 932 Belli
931 867 1111 951 Hispanici
1131 889 1158 935 c.
1175 869 1224 946 89.
1265 864 1467 950 Jugurtbanr
1488 865 1533 926 ad
1553 863 1774 930 Numantiam

374 971 413 1033 in
440 980 547 1035 castra
567 973 730 1035 ,Romana
758 972 953 1056 pervenisse
973 981 1125 1055 enarrat,
1152 969 1292 1034 Salustii
1314 965 1457 1055 uestigia
1474 969 1606 1052 pressit.
1648 971 1774 1055 Quam-

375 1075 428 1137 vis
448 1073 555 1160 igitur
567 1075 659 1138 ‘levis
679 1077 724 1139 sit
743 1075 893 1160 Appiani
913 1075 1111 1159 auctoritas,
1138 1081 1263 1158 tamen,
1283 1073 1313 1137 si
1338 1073 1430 1137 liber
1457 1073 1529 1151 ejus
1557 1082 1702 1139 aetatem
1715 1084 1774 1138 tu·

378 1179 495 1261 lisset,
508 1180 633 1243 nefins
652 1181 775 1264 utiquc
795 1182 838 1243 de
857 1180 1004 1244 Salustio
1019 1179 1178 1259 judicare
1196 1179 1325 1246 liceret.
1365 1178 1537 1242 Diodorus
1549 1177 1587 1240 in
1600 1179 1718 1262 paucis
1732 1179 1776 1242 li-

375 1283 519 1346 brorum
539 1285 797 1367 deperditorum
818 1283 990 1368 reliquiis,
1031 1294 1066 1347 et
1093 1285 1167 1368 ipse
1193 1302 1214 1346 a
1236 1281 1384 1347 Salustio
1412 1284 1579 1348 dissentit.
1632 1283 1776 1348 Leviora

378 1387 520 1466 quidem
541 1387 739 1452 etiam-hac
758 1388 900 1470 dixeris,
920 1391 980 1451 sed
995 1397 1067 1452 don
1079 1390 1183 1473 plane
1196 1390 1454 1453 contemnenda
1473 1386 1534 1454 cfr.
1544 1387 1619 1454 Lib.
1628 1389 1776 1452 XXXIV.

377 1493 437 1554 Ed.
458 1491 530 1575 Bip.
550 1493 645 1555 Tom.
665 1493 704 1559 X.
726 1516 760 1576 p.
776 1499 840 1557 sla.
861 1513 930 1573 seq.
971 1494 1084 1556 Exstat
1101 1491 1332 1576 fragmentum
1353 1494 1396 1556 de
1413 1491 1515 1556 cirta
1535 1492 1630 1554 urbis
1651 1511 1777 1576 expug-

378 1595 536 1677 natione,
556 1596 619 1657 ubi
639 1595 866 1672 redemtore,
889 1615 965 1678 qnae
985 1600 1078 1678 apud
1090 1594 1275 1659 Salustium
1295 1598 1360 1658 hae
1380 1598 1424 1660 de
1443 1615 1480 1659 re
1500 1605 1691 1659 narrantur.
1710 1597 1778 1658 Sed

377 1697 606 1761 Adherbalem
628 1696 712 1762 dicit
724 1695 878 1794 Alcipssar.
900 1696 959 1762 cfr.
980 1698 1004 1766 l.
1025 1699 1050 1762 l.
1070 1723 1104 1784 p.
1121 1704 1189 1764 132.
1209 1699 1312 1764 etiam
1331 1701 1476 1762 alterum
1485 1699 1634 1782 Micipsae
1654 1699 1781 1782 filium,

377 1801 629 1885 Hiempsalem,
648 1801 829 1890 Ἰάμψαμιν
848 1803 1095 1868 nominat.,ct⁴r.
1115 1804 1139 1868 l.
1159 1805 1184 1866 l.
1204 1827 1239 1888 p.
1254 1805 1323 1884 139.
1343 1806 1465 1868 eodem
1485 1803 1562 1866 loco
1583 1804 1715 1866 Graecas
1734 1803 1779 1868 li-

378 1913 466 1969 teras
486 1924 507 1966 a
526 1905 672 1990 Micipsa
691 1922 771 1992 rege
796 1916 948 1990 receptas
968 1916 1002 1972 et
1022 1909 1132 1971 cultas
1151 1907 1255 1973 fuisse
1276 1914 1394 1972 auctor
1419 1916 1483 1988 est;
1517 1907 1556 1970 id
1576 1911 1670 1988 quod
1688 1909 1781 1970 Stra·

380 2010 485 2074 bonis
505 2009 701 2074 testimonio
723 2010 953 2076 confirmatur.
975 2011 1101 2076 videL.
1124 2033 1171 2092 ¹7·
1191 2033 1219 2075 c.
1234 2017 1263 2075 3.
1283 2035 1318 2096 p.
1331 2013 1401 2090 488.
1422 2013 1482 2075 Ed.
1502 2014 1630 2075 Tauch.
1652 2015 1695 2076 de
1707 2015 1782 2076 Me·

379 2114 458 2178 telli
475 2115 636 2200 superbia
663 2125 697 2180 et
718 2118 761 2180 de
782 2115 887 2178 Marii
906 2114 1077 2180 industria
1095 2114 1324 2200 simulataque
1344 2116 1510 2180 modestia
1531 2117 1625 2180 idem
1637 2131 1781 2180 eccum·

380 2219 451 2284 tius
470 2220 638 2304 exponit,
656 2224 770 2305 p.1³9.
783 2237 850 2298 reo.
870 2237 940 2302 quo
954 2219 1183 2300 quidemloeo
1193 2221 1485 2303 manifestumest,
1497 2219 1585 2283 alius
1597 2219 1783 2304 scriptoris,

380 2343 486 2404 quem
511 2323 652 2388 Salustii
681 2325 920 2392 auctoritatem
948 2315 1026 2390 eum
1054 2343 1125 2390 esse
1145 2333 1307 2390 secutum.
1354 2329 1570 2410 Responsum
1590 2344 1744 2408 quoque,
1762 2344 1783 2387 a

381 2437 502 2492 senatu
521 2427 647 2494 Bocchi
667 2429 789 2515 legatis
809 2433 938 2513 datum,
958 2428 1129 2494 aSalustii
1148 2430 1263 2494 verbis
1282 2431 1462 2508 abhorret3
1483 2448 1558 2510 quae
1579 2427 1674 2493 enim
1686 2447 1784 2495 seua·

384 2539 438 2595 tus
466 2534 644 2596 obscurius
669 2534 890 2618 significavit,
927 2535 1000 2598 haec
1029 2533 1193 2617 expressis
1218 2535 1333 2598 verbis
1358 2532 1531 2597 Diodorus
1557 2534 1722 2618 exposuit.
1741 2566 1783 2588 -

382 2636 497 2700 Multo
517 2635 721 2720 diligentius
741 2637 943 2700 Plutarchus
962 2636 1102 2698 Salustii
1121 2636 1265 2718 vestigia
1283 2636 1382 2720 legit3
1414 2639 1538 2718 quodsi
1558 2639 1650 2702 enim
1665 2659 1685 2700 a
1697 2657 1784 2722 pau-

384 2741 434 2806 cis
454 2738 661 2822 discesseris,
682 2756 805 2822 parum
823 2738 935 2820 abest,
954 2737 1042 2818 quin
1059 2739 1133 2821 ipsa
1152 2738 1248 2804 illius
1267 2741 1372 2804 verba
1389 2743 1589 2826 expresserit
1607 2741 1702 2825 (vide
1714 2741 1784 2807 nit.

385 2847 470 2914 Mar.
489 2867 516 2910 e.
533 2843 579 2928 9.)
620 2842 822 2928 Prodigium
852 2842 1012 2926 quidem,
1040 2842 1150 2906 Mario
1178 2841 1286 2908 Uticae
1314 2845 1467 2908 oblatum
1495 2845 1571 2929 (cfr.
1584 2848 1661 2934 lug.
1676 2847 1743 2928 6³.)
1764 2867 1786 2909 a

387 2951 571 3016 Plutcmbo
603 2948 727 3012 rectius
759 2949 803 3008 ad
831 2946 943 3030 ipsum
973 2945 1197 3030 profectionis
1225 2955 1358 3031 tempus
1385 2949 1534 3013 relatum'
1557 2969 1628 3016 esse
1648 2949 1787 3013 videtur

385 3055 484 3136 (vide
503 3055 570 3120 Vit.
593 3054 696 3117 Marii
717 3074 744 3116 c.
760 3050 806 3135 8.)
813 3050 870 3136 ⁹⁰)
910 3051 987 3116 Alia
1004 3072 1141 3134 quoque
1162 3051 1272 3116 fusius
1289 3053 1444 3136 exposuit
1464 3064 1497 3117 et
1518 3053 1728 3119 luculentius
1742 3055 1789 3116 il·

385 3155 1788 3242 lustravit3nequetamenexbiscolligas,eurualiisscriptoribusplusquemSalu·

388 3262 456 3330 atio
475 3263 659 3330 tribuisse.'
686 3264 764 3330 Sed
785 3264 829 3328 de
851 3251 1061 3343 inimicitiis,
1077 3279 1166 3342 .quae
1190 3261 1303 3324 Mario
1328 3279 1404 3326 cum
1428 3263 1569 3326 Metello
1601 3262 1789 3326 intercede·

391 3369 490 3449 hant,
517 3369 565 3430 ita
585 3367 762 3449 disseruit,
786 3375 824 3430 ut
844 3363 948 3432 facile
963 3364 1153 3451 intelligas,
1180 3366 1397 3434 Plutarchum
1420 3365 1526 3430 Marii
1546 3365 1665 3454 magis,
1685 3385 1789 3448 qnam

391 3470 524 3532 Metelli
548 3471 654 3552 culpa
676 3466 748 3534 'hoc
777 3470 903 3532 factum
935 3489 1006 3532 esse
1034 3480 1200 3536 statuere·
1219 3470 1279 3534 clr.
1306 3491 1379 3555 cap.
1398 3471 1501 3534 stt
1521 3471 1634 3538 initio.
1668 3473 1789 3555 ⁴§Quare

305 3655 307 3660 Ι
390 3581 481 3640 recte
501 3575 539 3640 V·
559 3573 607 3635 Cl.
629 3573 820 3638 Hecreuius
835 3571 991 3647 judicare
1010 3573 1161 3654 ridetur,
1185 3574 1352 3658 plurima,
1383 3597 1459 3656 qua
1482 3576 1527 3638 ad
1557 3583 1610 3640 res
1636 3575 1789 3660 ablatio

432 3752 466 3835 *)
487 3755 623 3834 Ceterum
646 3755 732 3814 rerba
751 3752 894 3849 hppianiz
917 3743 949 3818 iv
969 3747 1054 3824 aitte
1070 3749 1230 3850 l'cpdpSev
1248 3749 1394 3848 dolensis,
1419 3747 1624 3852 upirMapt'cc
1647 3758 1695 3824 adr
1714 3753 1792 3839 α’φη»

477 3837 604 3930 ςῖσθαι.
647 3835 788 3895 Perizonri
814 3835 1087 3913 interpretationem
1116 3840 1290 3894 confirmare
1316 3833 1459 3895 videatur.
1485 3837 1535 3897 sed
1562 3837 1628 3896 vide
1648 3857 1736 3918 supra
1755 3837 1793 3895 ad

473 3935 538 3992 cap.
560 3935 624 3972 ror.

390 4037 464 4123 Ἥ)
485 4041 537 4100 ct'r.
557 4039 750 4099 Freinslteim.
771 4041 846 4101 Livii
866 4009 1018 4120 Supplem.
1039 4045 1059 4100 l.
1076 4040 1123 4109 45.
1145 4029 1230 4100 nsi.
1251 4042 1413 4113 ,Salustius
1436 4063 1560 4124 magnus
1580 4056 1698 4116 auctor,
1719 4047 1748 4102 et
1762 4046 1795 4102 in

472 4121 518 4180 bis
540 4121 625 4179 rebus
647 4123 769 4193 unicui,
789 4119 848 4178 hoc
867 4121 954 4178 Marii
975 4120 1113 4179 Uticense
1133 4134 1264 4202 aterum,
1285 4119 1432 4201 prioribus
1446 4127 1599 4204 aliquanto
1615 4123 1798 4202 temporibus

472 4201 627 4274 adscribit,
647 4221 664 4258 a
685 4208 770 4278 cujus
790 4201 934 4260 sententie
954 4219 1017 4259 non
1037 4199 1187 4259 oblivione
1207 4212 1258 4259 aut
1277 4205 1431 4282 neglectu,
1452 4203 1502 4263 red
1522 4204 1636 4282 judicio
1649 4204 1799 4264 discessi?
