4116 4970
388 388 438 464 38

385 584 418 646 si
438 583 529 665 apud
548 576 755 661 antiquioris
775 577 942 641 sermonis
959 577 1129 642 studiosos
1148 579 1229 644 satis
1257 577 1417 661 frequens
1443 579 1507 662 sit3
1537 581 1660 666 priscis
1692 581 1787 648 enim

386 687 500 751 verbis
521 685 609 748 inest
629 687 785 766 quaedam
804 681 948 768 οιμνοἽης.

468 793 565 879 Eget
588 791 691 874 longe
712 788 855 873 plurimi
876 787 959 851 libri
977 808 986 864 ;
1007 807 1093 868 quos
1114 787 1207 852 enim
1228 788 1345 850 laudat
1365 787 1474 851 libros
1494 786 1702 871 Palmerius,
1730 788 1787 852 iu·

388 905 487 960 eertae
509 895 720 958 auctoritatis
747 901 846 976 sunt,
866 913 977 974 neque
998 893 1194 974 Hispanicae
1212 893 1379 956 versionis
1399 893 1531 955 auctori
1551 891 1785 976 crediderim,

390 1001 427 1063 in
440 1001 548 1062 tribus
556 1002 660 1064 Codd.
683 999 768 1061 Bibl.
791 996 974 1059 Fscurialis
994 1007 1086 1084 veget
1107 1015 1178 1060 esse
1200 1017 1403 1080 expressum.
1423 1001 1509 1058 Nam
1519 997 1556 1060 in
1577 999 1785 1060 tantaCodd.

386 1105 584 1169 Italicorum
607 1104 707 1187 copia
727 1123 770 1166 ne
783 1123 872 1166 unus
893 1102 1034 1182 quidem
1055 1103 1143 1164 hanc
1164 1102 1348 1165 lectionem
1370 1101 1565 1180 confirmat3
1586 1100 1695 1164 immo
1706 1109 1786 1191 eget

385 1219 595 1273 constantem
616 1207 771 1272 omnium
792 1207 961 1268 librorum
989 1225 1060 1269 esse
1080 1206 1264 1271 lectionem
1283 1209 1339 1271 vel
1360 1227 1401 1272 ex
1420 1227 1462 1272 eo
1482 1203 1662 1289 conjicias,
1689 1209 1785 1287 quod

384 1315 586 1400 glossatores
608 1309 746 1399 indiget
768 1313 1010 1396 emendarunt,
1039 1311 1168 1374 scilicet
1196 1323 1234 1374 ιιι
1255 1313 1380 1376 arctius
1400 1314 1470 1374 duo
1490 1309 1657 1373 orationis
1676 1331 1784 1374 mear-

384 1419 446 1480 bra
467 1420 765 1502 conjungerentur.
786 1419 903 1497 Neque
919 1418 992 1479 haec
1003 1436 1097 1478 mera
1111 1415 1446 1494 ejusdemsententiae
1458 1423 1507 1476 est
1519 1413 1687 1498 repetitio,
1702 1433 1783 1476 nam

384 1520 482 1584 aliud
499 1519 718 1609 indigentem
734 1540 825 1602 esse,
846 1519 942 1582 aliud
954 1521 1110 1583 alterum
1126 1519 1281 1585 alterius
1294 1517 1436 1602 auxilio
1453 1539 1565 1607 egere.
1585 1519 1632 1580 Ex
1645 1517 1694 1580 eis
1707 1539 1783 1598 quae

385 1626 519 1689 Cortius
534 1623 649 1687 attulit
662 1626 704 1685 ad
713 1626 819 1686 Codd.
828 1623 1013 1686 lectionem
1028 1624 1447 1710 defendendam,maxirne
1460 1630 1723 1687 consentaneum
1735 1630 1786 1686 est

383 1733 461 1815 lug.
481 1751 508 1792 c.
527 1747 574 1805 ιι.
595 1730 695 1812 inops
716 1728 845 1791 alienas
867 1747 949 1811 opes
969 1738 1135 1813 exspecto.
1162 1731 1222 1798 cfr.
1243 1739 1406 1815 praeterea
1425 1728 1524 1792 Beier
1543 1730 1586 1789 ad
1607 1725 1674 1789 Cic.
1694 1723 1782 1790 offic.

383 1839 410 1898 1.
433 1855 479 1901 ιο.
500 1845 533 1898 et
556 1835 696 1896 Goerenz
716 1837 759 1895 ad
781 1833 848 1895 Cic.
871 1833 944 1896 Fin.
960 1836 999 1898 V.
1014 1839 1063 1901 ³2.
1088 1835 1113 1918 l.
1128 1839 1178 1916 95.
1200 1855 1276 1918 quae
1302 1835 1379 1898 loca
1399 1833 1519 1896 laudat
1539 1831 1725 1894 Birnbaum
1744 1831 1783 1894 in

382 1939 571 2024 specimine
591 1939 743 2002 lection.
763 1939 830 2000 Sal.
849 1960 882 2020 p.
901 1959 930 2017 7.
952 1938 1043 2000 idem
1065 1941 1109 2001 de
1129 1940 1232 2018 hujus
1252 1939 1324 2002 loci
1345 1959 1445 2002 sensu
1465 1945 1555 2002 recte
1575 1935 1702 2000 statuit.

442 2047 599 2108 Ceterum
610 2043 796 2125 sententia,
817 2051 855 2104 ut
876 2042 971 2104 locus
986 2043 1187 2128 communis,
1207 2065 1227 2106 a
1240 2043 1358 2106 multis
1371 2043 1595 2128 scriptoribus
1611 2051 1644 2104 et
1658 2038 1783 2105 Grecis

382 2159 416 2213 et
437 2149 568 2236 Latinis
589 2169 743 2232 expressa
764 2157 832 2225 est;
853 2148 998 2210 laudant
1018 2149 1223 2232 Interpretes
1243 2149 1343 2212 Arist.
1363 2149 1471 2211 Ethic.
1492 2151 1548 2214 v1.
1564 2166 1612 2211 ιο.
1632 2130 1784 2235 προέπιεν

380 2248 442 2356 μὲν
456 2251 604 2350 δεῒτοχό
618 2247 871 2346 βουλευθέντα,
895 2247 1128 2346 βουλεύεσθαι
1140 2251 1174 2331 di
1183 2251 1342 2355 βραδέως.
1368 2273 1543 2336 Demosth.
1556 2271 1593 2336 in
1604 2275 1780 2338 linordna

381 2377 430 2455 tei
450 2371 484 2454 ii
501 2366 735 2470 βουλεύεσθαι
760 2375 823 2478 ptr
844 2379 902 2462 ἐφ’
928 2379 1073 2470 ἡσυχίαις
1104 2379 1202 2456 ποιεῖν
1232 2369 1267 2454 ii
1291 2371 1338 2454 nl
1362 2367 1502 2469 titane
1526 2373 1783 2480 pertimetis

383 2510 486 2571 Isoer.
501 2513 544 2570 ad
560 2511 704 2570 Demon·
728 2492 890 2592 βουλιιῖου
915 2487 976 2596 μὲν
1001 2491 1172 2597 βραδέως,
1196 2497 1343 2580 ἐπιτέλει
1368 2491 1608 2596 δὲτοιχίοοςτοῖ
1628 2475 1780 2596 δέξονται.

462 2663 506 2732 Π,
554 2653 690 2746 Igitur.
723 2659 820 2719 Hanc
840 2656 1042 2738 particulam
1063 2677 1083 2718 a
1103 2661 1251 2724 Salustio
1281 2661 1383 2726 initio
1406 2663 1571 2725 orationis
1597 2666 1683 2748 poni
1702 2667 1782 2730 satis

382 2771 522 2828 constat.
549 2763 719 2843 Antiquos
746 2760 928 2844 scriptores
956 2759 1093 2824 videtur
1123 2783 1194 2827 esse
1216 2765 1389 2844 imitatus;
1418 2771 1510 2852 apud
1530 2769 1691 2832 Plautum
1709 2791 1781 2834 cer-

380 2877 413 2932 te
439 2869 468 2931 is
487 2867 664 2953 particulae
684 2864 816 2950 positus
836 2864 1131 2946 frequentissimus
1151 2876 1209 2931 est.
1247 2872 1349 2936 Mcrc.
1378 2887 1406 2934 a.
1431 2875 1461 2935 3.
1486 2889 1537 2937 ao.
1567 2871 1675 2958 igitur
1699 2877 1783 2944 hoe-

379 2973 455 3036 cine
477 2983 527 3038 est
547 2975 688 3036 amare?
715 2971 820 3034 Stich.
838 2991 864 3033 ι.
877 2987 907 3032 a.
922 2987 970 3050 29.
991 2972 1091 3034 Prius
1112 2972 1148 3035 id
1169 2993 1286 3058 agam3
1317 2974 1424 3060 igitur
1444 2976 1570 3040 dante
1590 2986 1627 3039 ut
1648 2978 1782 3043 animus

381 3079 446 3140 crit
468 3098 580 3160 meus,
607 3077 730 3139 faciam
750 3075 884 3159 palam,
911 3079 969 3140 sed
991 3077 1094 3140 etiam
1114 3078 1233 3142 Livius
1258 3089 1361 3162 atque
1382 3079 1680 3166 CornelinsNepos
1688 3085 1782 3148 haud

378 3200 456 3242 raro
477 3183 566 3242 hanc
585 3181 788 3271 particulam
807 3193 1077 3262 praeposuerunt.
1100 3183 1158 3245 cir.
1181 3189 1263 3268 Nep.
1283 3187 1383 3249 Attic.
1398 3191 1427 3247 3.
1448 3183 1520 3248 Lir.
1541 3187 1583 3247 11.
1596 3189 1647 3261 48.
1670 3189 1780 3252 Etiam

381 3283 544 3364 frequens
564 3283 666 3359 hujus
687 3281 864 3363 particulae
885 3301 966 3344 usus
986 3285 1134 3346 Salustio
1161 3297 1195 3348 et
1216 3289 1337 3351 Plauto
1359 3288 1550 3353 communis
1570 3300 1630 3354 est.
1669 3293 1781 3377 Inap-

379 3397 414 3448 ta
441 3387 535 3450 enim
563 3387 748 3449 verborum
766 3385 928 3464 junctura
953 3386 1024 3450 Sal.
1052 3388 1223 3472 imprimis
1249 3391 1410 3476 antiquos
1439 3393 1620 3476 scriptores
1648 3405 1781 3461 secutus

379 3507 451 3554 esse
469 3488 614 3551 videtur.
644 3491 727 3573 Quae
749 3488 890 3569 quidem
911 3491 1078 3554 orationis
1098 3495 1298 3578 simplicitas
1316 3499 1421 3580 plane
1441 3500 1602 3563 abhorret
1622 3501 1666 3564 ab
1686 3501 1780 3566 tuea-

379 3605 421 3659 tae
442 3593 609 3658 orationis
628 3593 899 3678 medicamentis,
921 3595 1047 3676 quibus
1066 3596 1183 3660 Livius
1203 3600 1341 3663 laudem
1362 3604 1494 3684 quaerit.

454 3700 579 3788 Reges.
620 3701 716 3762 Idem
737 3697 854 3762 Cicero
876 3701 976 3764 docet
1002 3702 1046 3764 de
1073 3702 1175 3788 legg.
1192 3707 1222 3767 3.
1237 3721 1266 3768 a.
1299 3707 1460 3794 ,Omnes
1488 3707 1637 3790 antiquae
1663 3715 1780 3792 gentes

377 3802 516 3886 regibus
536 3808 710 3886 quondam
728 3814 937 3889 paruerunt3
968 3807 1062 3885 quod
1088 3826 1196 3892 genus
1223 3808 1364 3894 imperii
1389 3813 1432 3871 ad
1454 3811 1611 3876 homines
1632 3809 1780 3888 justissi-

378 3914 506 3970 mosel
534 3909 804 3990 sapientissimos
830 3909 1055 3973 deferebatur.
1066 3910 1084 3944 ”
1115 3913 1253 3976 Accedit
1281 3915 1478 3980 Aristoteles
1500 3915 1600 3979 Polit.
1621 3915 1648 3977 1.
1669 3931 1699 3981 a.
1740 3897 1778 3981 ri

378 4007 502 4106 πρῶτον
527 4001 757 4095 ἐβασιλεύοντο
782 4021 822 4088 eti
844 3999 960 4094 πέλεις
1005 4015 1120 4102 Pars,
1141 4014 1217 4080 alii.
1235 4017 1287 4080 rita
1308 4019 1378 4082 fere
1399 4041 1531 4105 semper
1541 3993 1719 4082 Salustius.
1736 4019 1779 4078 In

377 4115 619 4202 contrapositis
641 4117 734 4180 enim
754 4129 869 4182 amant
888 4123 1068 4208 scriptores
1085 4122 1219 4186 vadare
1240 4123 1450 4202 orationem3
1481 4143 1550 4206 quo
1570 4142 1694 4208 genere
1713 4124 1779 4184 Ta·

377 4221 463 4298 citus
481 4219 653 4308 imprimis
673 4223 824 4288 excellet.
845 4225 973 4294 Etiam
995 4237 1092 4291 tum:
1112 4227 1207 4307 quod
1226 4223 1313 4290 libri
1323 4229 1402 4292 Mss.
1422 4227 1647 4310 confirmant,
1670 4226 1777 4293 reris-
