4108 4976
1596 395 1673 476 305

270 599 562 688 apudbentlejum
581 604 627 666 ad
647 601 732 666 Hor.
745 609 776 677 4.
790 619 819 680 9.
833 604 883 680 ³9·
903 604 983 664 sunt
1002 599 1076 664 bec
1093 597 1239 683 poetica.
1261 615 1451 664 commune
1468 590 1679 664 nobilitatis

269 709 418 774 ιιιιὶιιιιι.
439 707 589 777 cir.l1ac
609 711 654 772 de
673 727 712 773 re
732 726 809 789 qua
830 708 924 770 cort.
943 704 1072 768 laudate
1086 701 1270 779 ¹Aristotel.
1288 705 1431 768 Rhetor.
1446 707 1475 766 6.
1492 705 1539 766 ι6.
1560 711 1595 768 et
1612 707 1676 768 lu·

267 828 345 880 ven.
371 813 482 898 satyr.
501 813 532 876 8.
565 833 675 897 super
698 806 903 896 fortunam
934 809 959 874 i.
980 829 1010 876 e.
1039 816 1166 874 statrun
1190 816 1224 873 et
1246 807 1326 872 vita
1353 808 1606 893 conditionem,
1637 808 1677 872 in
1716 852 1723 862 -

270 933 341 999 qua
359 925 461 983 natus
480 924 577 984 esset.
598 915 658 980 cir.
673 916 748 981 Liv.
762 917 811 980 ι6.
823 919 875 996 64.
897 908 1039 1004 ingenii
1055 911 1260 996 aliquanto,
1282 933 1392 994 quam
1407 933 1481 996 pro
1492 908 1676 1003 fortuna,

271 1018 312 1085 ιἰι
324 1041 398 1104 qua
416 1029 530 1086 natus
549 1028 648 1106 erat,
668 1013 834 1112 majoris.
846 1055 888 1072 -
900 1015 1013 1104 dt'tor't,
1021 1015 1208 1105 flectitur.
1230 1021 1381 1084 notanda
1395 1027 1588 1105 temporum
1600 1039 1678 1085 ιιιιι-

271 1124 367 1194 utic
382 1147 453 1212 per
472 1123 622 1217 negotio
638 1124 799 1211 publica.
819 1127 885 1190 bac
905 1127 949 1190 de
969 1143 1007 1212 re
1026 1125 1199 1190 Plutarch.
1220 1127 1260 1191 V·
1281 1125 1385 1190 Marii
1399 1126 1428 1189 8.
1455 1123 1576 1201 notet,
1602 1125 1678 1194 lua.

270 1225 367 1310 βολὰ
384 1229 593 1318 menalippas
610 1225 651 1307 iit
669 1231 785 1303 lilaea
803 1227 989 1303 luncuiler
1002 1228 1142 1328 ιῖμίριιν,
1162 1225 1215 1298 iai
1232 1222 1280 1301 llv
1295 1229 1350 1302 ‘lte
1376 1227 1493 1304 tollor
1512 1225 1677 1316 ιίιιίῆιξιι,

271 1333 381 1418 hirst
396 1333 496 1410 aclis.
517 1334 805 1402 contubernium.
830 1345 864 1402 et
884 1338 928 1402 de
942 1328 1120 1399 xmilitibus
1140 1333 1316 1419 gregariis,
1331 1333 1434 1398 simul
1448 1333 1679 1417 tendentibus,

224 1520 228 1528 „
272 1448 308 1508 et
334 1443 379 1506 de
405 1442 681 1512 adolescentibus
709 1441 888 1506 nobilibus
913 1440 1057 1526 dicitur,
1087 1439 1151 1522 qui
1176 1437 1229 1504 rei
1247 1439 1411 1504 militaris
1434 1441 1678 1525 cognoscenda

272 1545 384 1632 gratia
403 1546 655 1630 imperatores·
645 1567 684 1611 ιιι
702 1547 899 1632 provincias
918 1554 1117 1630 sequuntur.
1150 1543 1210 1613 cfr.
1232 1548 1312 1609 Tac.
1334 1545 1445 1630 Agric.
1467 1547 1497 1608 6.
1524 1543 1679 1608 Frontin.

271 1651 414 1738 Strateg.
428 1669 458 1730 4.
474 1674 504 1716 ι.
518 1675 565 1716 ιι.
586 1661 621 1718 66
633 1673 682 1716 ιι.
695 1674 770 1737 pro
782 1655 924 1721 honore
933 1689 977 1706 -
988 1659 1123 1718 contra
1132 1652 1274 1716 Metell.
1289 1625 1519 1716 accenderat.
1541 1652 1680 1734 elegan-

271 1755 403 1822 tissima
429 1759 615 1827 verboruin
640 1765 827 1822 structure.
847 1757 1010 1822 similiter
1035 1754 1174 1833 Limp.
1192 1775 1238 1834 19.
1265 1751 1428 1820 accensis
1452 1751 1586 1816 studiis
1606 1775 1678 1836 pro

270 1858 440 1945 Scipione
458 1870 495 1924 et
515 1857 904 1944 advertusScipionem.
924 1854 1157 1948 -grassari,
1177 1857 1325 1948 agitem
1346 1843 1516 1922 ablativus
1535 1860 1679 1922 modum

272 1965 400 2051 agendi
411 1961 584 2029 describit.
596 1965 670 2029 Liv.
683 1969 714 2030 6.
725 1979 776 2043 44.
785 1963 877 2055 jure
883 1958 1066 2055 grassari,
1079 1983 1155 2028 ιιοιι
1168 1959 1211 2028 vi.
1230 1963 1278 2028 id.
1297 1985 1344 2028 ιο.
1359 1981 1406 2040 ι4.
1428 1962 1593 2030 consilio.
1615 1965 1677 2030 cfr.

271 2089 377 2154 supra
390 2073 468 2156 lug.
486 2093 512 2134 ι.
532 2079 566 2135 66
585 2069 710 2154 passim
728 2071 821 2154 apud
838 2068 1046 2153 Historicos,
1072 2067 1228 2132 Tacitum
1246 2068 1426 2154 inprimis,
1454 2070 1511 2133 cui
1530 2069 1679 2136 unitatis·

271 2175 361 2242 eima
379 2177 453 2244 hcc
468 2174 611 2245 locutio.
631 2171 874 2240 ambitiosum.
894 2182 986 2260 reete
1005 2171 1158 2238 Cottius:
1176 2176 1293 2255 ,quod
1315 2182 1364 2238 est
1385 2178 1429 2238 ad
1450 2175 1601 2242 favorem
1622 2195 1679 2239 ac·

271 2280 482 2364 quirendum
502 2287 768 2364 corconi-atum.t
797 2273 1004 2344 ominoso.
1030 2276 1092 2342 cfr.
1111 2277 1180 2342 cic.
1201 2281 1245 2343 de
1265 2277 1346 2346 clar.
1366 2283 1426 2346 Or.
1439 2287 1488 2358 64.
1517 2277 1583 2364 qui
1599 2301 1679 2366 sas·

268 2381 447 2472 piciotiaa
467 2407 512 2450 ac
532 2380 763 2452 criminosius
784 2379 936 2469 diceret,
955 2377 1082 2450 audivi
1099 2380 1602 2471 neminem-corruperant.
1622 2387 1679 2450 fu·

272 2498 388 2577 nunt,
417 2492 482 2576 qui
508 2499 727 2576 corruperat
751 2491 978 2580 corrigerent,
1005 2503 1043 2559 et
1070 2495 1138 2558 hoc
1164 2493 1315 2560 neutrali
1341 2513 1443 2559 sensu
1468 2496 1679 2582 acciperent,

273 2600 387 2682 credo,
406 2601 501 2681 quod
513 2599 657 2663 verbum
676 2597 826 2663 activum
845 2601 881 2664 b.
893 2599 922 2663 1.
939 2599 1146 2665 insolentius
1164 2599 1296 2665 dictum
1312 2619 1382 2667 esse
1396 2603 1599 2667 statuebant.
1618 2605 1681 2670 sed
1787 2571 1803 2632 ¹·

272 2703 488 2767 talia‘multa
505 2704 699 2768 nausimus
718 2703 758 2767 in
776 2705 935 2770 Salustio.
955 2705 1016 2774 cir.
1032 2726 1135 2792 supra
1154 2710 1203 2774 66.
1235 2709 1451 2772 consulatus
1470 2703 1597 2798 ingens
1618 2728 1679 2771 cu-

269 2804 358 2889 pido
379 2811 459 2871 eam
480 2805 705 2896 exagitabat.
725 2809 775 2872 ita
791 2811 858 2874 hoc
875 2811 953 2875 loco
974 2813 1105 2875 dictum
1133 2810 1418 2894 corruperant
1407 2831 1430 2872 1.
1450 2831 1480 2876 e.
1502 2831 1556 2876 res
1575 2811 1679 2876 fami-

271 2910 400 2978 liaris
390 2913 575 2992 numinuta
594 2914 649 2977 vel
669 2915 785 2977 attrita
805 2920 887 2976 erat.
909 2913 969 3010 cir.
981 2918 1051 2982 Cat.
1063 2929 1115 2992 44.
1138 2933 1235 2979 corr.
1256 2911 1563 3032 opportunitates.
1585 2913 1679 2981 intra
1781 3001 1783 3004 Ι

273 3018 323 3096 76.
339 3017 527 3098 praedam.
518 3037 641 3102 .supra
654 3001 703 3082 66.
723 3039 928 3102 seruosque
945 3040 1034 3103 spes.
1046 3059 1087 3075 -
1101 3016 1291 3103 corrumpi
1309 3020 1405 3084 enim
1428 3018 1591 3083 dicuntur
1604 3039 1678 3084 non
1737 3055 1742 3066 ·

272 3121 386 3186 solum
406 3133 481 3204 que
497 3124 649 3208 perdita,
671 3128 736 3188 ued
756 3125 957 3206 etiamque
977 3125 1095 3206 aliquo
1115 3126 1221 3188 modo
1241 3119 1426 3208 deprauata
1445 3133 1536 3189 sunt.

354 3229 437 3310 esp.
456 3229 552 3292 LXV.
567 3223 710 3293 morbis
730 3224 930 3316 confectus.
945 3228 1016 3292 Cic.
1034 3246 1099 3314 pro
1114 3231 1203 3292 Mur.
1216 3244 1268 3306 4ο.
1289 3228 1398 3293 homo
1414 3225 1533 3314 mirer,
1544 3236 1580 3295 et
1594 3252 1677 3296 oum

273 3327 441 3416 eorporis
466 3332 612 3417 morlo,
641 3341 720 3396 tum
747 3331 864 3397 anima
859 3330 1010 3400 dolore
1030 3330 1229 3422 confectus.
1244 3375 1286 3390 -
1299 3342 1418 3399 mente
1431 3335 1626 3418 paulum
1611 3359 1679 3400 ιιιι-

273 3431 426 3500 minuta.
456 3436 530 3501 6.6.
555 3439 679 3522 parum
704 3437 806 3502 firmo
827 3439 904 3503 sive
925 3440 1084 3504 valido'
1072 3441 1232 3526 ingenim
1250 3444 1312 3506 sed
1334 3441 1488 3564 exempla
1508 3445 1676 3513 desidere.

271 3559 374 3606 more
392 3561 530 3629 regum.
550 3542 623 3606 hac
643 3544 688 3605 ad
707 3543 888 3624 sequentia
906 3545 1097 3628 pertinent3
1126 3545 1266 3631 regibus
1285 3547 1397 3632 enim,
1417 3547 1481 3630 qui
1499 3548 1539 3612 in
1561 3553 1677 3618 cestris

271 3643 438 3710 Romanis
457 3645 696 3731 versabantur,
723 3646 846 3730 sapius
866 3648 897 3710 is
916 3651 1030 3713 bonor
1048 3650 1092 3712 ab
1114 3649 1379 3734 imperatoribus
1399 3653 1607 3739 habebatur,
1637 3669 1676 3720 ut

271 3747 344 3812 illis
374 3749 541 3835 dignitate
570 3750 719 3832 proximi
747 3769 818 3818 esse
852 3753 1060 3816 viderentur.
1087 3755 1149 3822 cfr.
1178 3755 1314 3823 Sueton.
1347 3759 1436 3820 Nero
1452 3777 1479 3820 c.
1500 3764 1546 3826 66.
1568 3762 1674 3825 Tacit.

212 3853 217 3860 “
271 3851 401 3921 Hisbo.
418 3857 467 3932 op
500 3873 570 3936 quo
599 3857 741 3944 quidem
764 3875 808 3922 ex
836 3875 934 3920 more
959 3867 1077 3941 postea
1098 3860 1218 3923 honor
1238 3855 1372 3924 lisellii
1389 3869 1483 3926 onus
1504 3874 1563 3928 eat.
1595 3867 1676 3933 vide

271 3960 365 4044 apud
387 3959 570 4023 Gruterum
591 3961 748 4045 bucript.
765 3983 799 4046 p.
815 3965 886 4042 476.
907 3982 940 4024 ιι.
954 3967 983 4028 6.
1004 3961 1098 4026 haud
1121 3963 1275 4026 alienum
1294 3973 1359 4048 est,
1381 3970 1475 4046 quod
1491 3971 1594 4036 etiam
1607 3973 1675 4036 sel-

270 4061 306 4131 la
324 4064 453 4127 crrmlis
472 4065 613 4148 regibus
632 4067 726 4130 dono
746 4069 827 4128 data
846 4075 905 4130 est.
923 4066 983 4130 cir.
998 4068 1071 4129 Lir.
1084 4071 1135 4130 6ι.
1155 4087 1198 4131 ιι.
1224 4089 1326 4156 reges
1347 4073 1604 4155 appellavisset.
1630 4099 1675 4143 ne

272 4170 432 4250 quiahoc
452 4169 639 4232 ridiculum
657 4179 765 4254 putet.
786 4173 878 4256 apud
897 4169 1072 4237 Romanos
1093 4173 1201 4236 enim
1208 4183 1385 4240 externum
1405 4179 1598 4262 principem
1621 4201 1675 4246 re-

269 4291 350 4356 pom
360 4275 545 4362 appellem,
562 4273 635 4340 iere
655 4275 749 4341 idem
759 4273 837 4360 tut,
850 4279 946 4359 quod
963 4295 1044 4342 eum
1055 4278 1297 4344 benevolentia
1312 4283 1509 4367 complecti,
1527 4284 1564 4347 id
1578 4293 1673 4369 quod

1227 4391 1274 4486 34
