4108 4976
1585 419 1662 498 279
1695 433 1698 444 '

259 599 368 660 morte
381 611 510 677 poenas
528 591 703 678 dederint,
728 591 949 657 manifestum
967 597 1033 676 est,
1052 591 1125 657 haeo
1136 581 1184 654 'in
1203 609 1321 654 eorum
1339 588 1480 656 laudem
1497 607 1568 656 esse
1591 589 1666 656 dic·

258 706 304 766 te.
329 697 461 764 scilicet
485 706 562 788 post
587 698 693 762 rerba
715 699 926 764 moderatus
953 695 1098 762 animus
1114 691 1201 786 suit
1230 698 1304 760 haec
1334 705 1430 762 eraut
1453 695 1667 776 adjicIendas

260 804 493 887 quamobrem
514 824 540 867 a
559 799 755 868 nobilitate
774 799 965 893 interfecti
980 813 1085 882 sunt3
1114 805 1173 866 sed
1195 802 1268 866 haec
1288 801 1422 886 omisit,
1441 801 1525 884 quia
1545 802 1665 886 paucis

257 910 324 974 hae
343 912 387 974 de
409 928 447 972 re
460 908 636 972 absolvere
653 907 788 970 animus
807 907 884 970 fuit.
904 910 945 970 Et
965 906 1054 971 mihi
1074 907 1216 989 quidem
1234 908 1300 970 hac
1312 907 1387 991 ipsa
1400 907 1568 973 brevitate
1586 929 1667 972 auo-

259 1014 344 1080 toris
357 1012 530 1093 judicium
549 1013 660 1076 multo
676 1011 813 1098 gravius
829 1012 906 1076 lieri
923 1011 1069 1076 videtur.
1080 1007 1194 1101 ferro
1215 1007 1386 1102 nutfuga
1406 1019 1496 1077 exst.
1517 1011 1578 1076 cir.
1592 1033 1665 1099 cap.

258 1120 309 1182 38.
309 1112 429 1204 same,
428 1113 541 1207 ferro
553 1119 728 1184 clausum.
737 1153 780 1168 -
782 1119 940 1200 ptusque
951 1153 995 1170 -
1006 1113 1203 1183 timoria-
1214 1112 1287 1180 sibi
1296 1112 1449 1181 addidit.
1469 1126 1508 1180 ut
1522 1137 1624 1203 supra
1644 1141 1671 1183 o.

259 1226 311 1288 35.
330 1229 450 1308 metus,
470 1223 520 1287 ita
534 1224 601 1286 hoo
617 1224 696 1286 loco
711 1217 856 1288 timoris
874 1223 1006 1307 passive
1023 1223 1186 1308 positum.
1225 1222 1363 1288 Scilicet
1377 1223 1673 1308 severiorespoe-

259 1345 323 1413 nae,
332 1346 417 1410 quas
426 1337 561 1393 senatus
574 1347 594 1392 a
607 1327 755 1393 Gracchi
764 1328 884 1393 amicis
891 1330 1085 1414 repetebat,
1104 1327 1143 1392 id
1158 1321 1353 1414 effecerunt,
1363 1336 1402 1392 ut
1414 1327 1674 1413 senatusmagis

160 1445 164 1454 '
260 1433 429 1518 apopulo
453 1433 646 1517 timeretur,
672 1434 733 1498 sed
753 1432 826 1510 ejus
848 1432 1004 1517 potentia
1021 1453 1094 1497 non
1126 1444 1226 1498 aucta
1248 1433 1319 1502 esti
1334 1453 1469 1500 necesse
1490 1433 1583 1497 enim
1603 1440 1673 1518 est,

259 1557 364 1620 quem
385 1538 489 1601 multi
510 1538 669 1620 timeant,
691 1557 772 1602 eum
793 1547 827 1602 et
846 1538 961 1622 ipsum
985 1539 1113 1604 multos
1129 1539 1263 1605 timere.
1309 1541 1414 1622 Quae
1433 1558 1492 1603 res
1507 1541 1669 1623 plerum·

261 1664 330 1725 que
355 1651 417 1710 etc.
443 1642 644 1727 praeclaram
670 1644 760 1707 hano
784 1644 989 1709 sententiam
1010 1644 1115 1710 etiam
1135 1643 1358 1729 Thucydides
1372 1649 1401 1706 3.
1419 1645 1469 1706 er.
1490 1642 1674 1727 expressit3

260 1767 302 1816 ex
323 1769 393 1832 quo
411 1748 501 1814 forte
516 1749 547 1813 si
558 1747 621 1830 qui
634 1755 728 1829 sunt,
749 1749 811 1830 qui
827 1749 1014 1811 Salustium
1032 1751 1106 1812 haec
1128 1748 1280 1812 hausisse
1299 1749 1437 1829 dicunt,
1457 1748 1565 1812 iidem
1588 1767 1680 1810 eon-1

260 1857 383 1919 cedant
399 1873 535 1920 necesse
554 1861 618 1935 est,
638 1853 700 1934 qui
717 1852 766 1915 ita
780 1852 890 1914 alium
904 1852 1104 1935 scriptorem
1116 1851 1249 1916 imitari
1269 1852 1409 1935 calleat,
1429 1872 1508 1915 eum
1524 1850 1671 1936 dignum

261 1977 349 2042 esse,
369 1975 472 2039 quem
491 1967 525 2023 et
545 1957 658 2042 ipsum
667 1956 731 2020 alii
743 1955 935 2022 imitentur.
951 1951 1178 2045 singulatim.
1205 1977 1272 2022 vox
1291 1958 1335 2020 ab
1356 1957 1508 2039 antiquis
1522 1943 1670 2047 mexime

260 2062 487 2146 scriptoribus
506 2071 685 2148 usurpata,
711 2060 772 2126 cir.
791 2065 880 2125 Non.
893 2063 997 2124 Marc.
1012 2079 1042 2124 a.
1054 2063 1125 2125 820.
1144 2064 1236 2147 apud
1259 2061 1459 2126 Ciceronem
1479 2059 1534 2124 bis
1553 2080 1671 2124 occur-
1697 2045 1707 2053 ’

261 2169 319 2232 rit.
339 2167 457 2233 Divin.
474 2168 514 2232 in
529 2171 625 2236 Verr.
646 2191 675 2233 c.
689 2171 736 2232 rt.
754 2175 789 2232 et
809 2169 854 2231 ad
874 2166 935 2230 fin.
951 2188 1082 2251 parem
1104 2162 1287 2233 disserere.
1313 2169 1386 2232 haec
1406 2165 1546 2230 dicendi
1569 2165 1673 2250 ratio,

261 2272 418 2356 quamvis
436 2273 541 2338 etiam
558 2277 652 2357 apud
668 2271 836 2358 pedestris
853 2271 1021 2336 orationis
1037 2271 1220 2358 scriptores
1231 2271 1359 2358 passim
1369 2272 1534 2356 occurrit,
1556 2279 1673 2336 tamen

259 2379 373 2465 poetis
390 2376 550 2452 usitatior
564 2388 623 2446 est.
643 2378 706 2444 cir.
721 2399 825 2464 supra
839 2380 917 2464 lug.
934 2381 982 2442 13.
1000 2379 1082 2443 Caes.
1095 2381 1132 2443 B.
1151 2377 1225 2442 civ.
1247 2401 1275 2442 r.
1294 2378 1345 2443 83.
1366 2381 1450 2463 Nep.
1469 2380 1546 2442 Dat.
1566 2395 1597 2455 4.
1617 2397 1674 2440 me

262 2487 410 2550 deseret.
431 2484 610 2550 desereret
628 2486 747 2571 plures
762 2485 848 2550 libri
868 2481 993 2548 Italici.
1012 2507 1045 2548 v.
1060 2505 1110 2572 gr.
1127 2485 1209 2551 ven.
1222 2500 1252 2549 s.
1272 2483 1359 2552 Min.
1372 2501 1401 2547 s.
1422 2485 1566 2549 deserat
1585 2501 1674 2568 prte-

260 2588 398 2676 ferrem,
413 2589 444 2654 si
458 2589 614 2658 melioris
629 2590 715 2655 libri
732 2588 936 2656 auctoritate
954 2589 1205 2656 confimaretur.

342 2698 424 2780 Cap.
445 2697 566 2760 XLIII.
589 2697 632 2780 Q.
653 2697 746 2763 Met.
768 2703 804 2761 ct
823 2690 886 2762 Sil.
907 2697 999 2760 Med.
1021 2717 1069 2758 ro.
1091 2697 1133 2759 G.
1152 2694 1294 2764 Mrtctt.
1314 2700 1350 2758 et
1370 2693 1425 2758 M.
1444 2688 1522 2760 Silt.
1541 2696 1626 2760 Ven.
1642 2705 1673 2768 4.

261 2799 307 2884 0.
330 2804 471 2866 Metell.
492 2810 529 2866 et
547 2804 602 2868 Μ.
622 2798 684 2867 Sil.
708 2804 785 2869 Vct.
799 2817 829 2877 4.
860 2821 937 2880 quae
956 2799 1173 2883 prestantior
1190 2797 1295 2863 lectio
1319 2819 1391 2865 esse
1408 2799 1563 2882 videtur,
1594 2817 1672 2862 cum
1725 2863 1730 2874 ,

261 2907 366 2972 etiam
385 2906 464 2970 aliis
483 2905 570 2969 locis
589 2905 656 2968 Sal.
677 2903 892 2989 praenomina
907 2904 1088 2966 consulum
1106 2901 1325 2984 aliorumque
1338 2903 1599 2990 magistratuum
1612 2905 1674 2967 ad-

261 3013 331 3074 dat.
351 3013 392 3096 Q.
411 3009 568 3074 cecilius
581 3009 757 3094 Metellus,
780 3016 899 3094 postea
915 3007 1118 3071 Numidicus
1134 3007 1414 3093 cognominatus,
1445 3008 1500 3070 vir
1517 3007 1675 3090 gravissi-

262 3136 350 3182 mus.
370 3118 415 3180 de
432 3134 503 3197 quo
520 3113 602 3178 ride
619 3112 712 3176 infra
729 3133 800 3197 cap.
817 3117 867 3188 64.
888 3113 957 3176 Cic.
971 3133 1036 3196 pro
1048 3111 1163 3177 Sextio
1180 3115 1228 3178 16.
1250 3111 1379 3174 Flor.3.
1397 3115 1444 3176 16.
1457 3115 1574 3177 senec.
1585 3116 1669 3199 Epp.

262 3238 314 3298 24.
335 3221 481 3306 Appian.
500 3222 543 3284 de
559 3223 595 3283 B.
611 3218 682 3282 Giv.
701 3241 727 3283 r.
742 3235 798 3298 29,
812 3205 939 3303 doses,
955 3212 1235 3300 improvinciae
1255 3211 1354 3281 inter
1373 3237 1412 3282 se
1425 3215 1670 3303 partirerant.

262 3327 312 3392 ita
330 3346 450 3392 ornnes
470 3324 556 3389 libri
575 3322 698 3388 Italici.
718 3323 915 3407 parimodo
934 3323 1003 3387 Lis.
1020 3343 1050 3402 9.
1064 3339 1115 3398 41.
1136 3320 1314 3387 Consules
1326 3317 1470 3405 partiti
1480 3321 1669 3406 provinci-
1778 3385 1786 3394 ,

262 3454 316 3499 us.
337 3427 497 3498 Etruria
516 3427 646 3516 Decio,
665 3424 854 3496 Somnium
875 3424 995 3494 Fabio
1015 3435 1190 3492 evenerat.
1209 3445 1323 3508 neque
1342 3427 1539 3514 probabile,
1559 3449 1600 3498 eo
1618 3431 1674 3495 lo·

261 3559 303 3604 co
318 3557 460 3623 parare
476 3557 540 3621 pro
554 3531 699 3620 partiti
715 3534 882 3619 scriptum
898 3533 1019 3618 tuisse,
1046 3533 1142 3613 cujus
1166 3532 1262 3606 vocis
1278 3532 1458 3598 literarum
1477 3536 1599 3600 ductus
1619 3537 1673 3602 di·

262 3645 394 3710 similes
409 3650 499 3707 sunt.
518 3641 659 3725 accedit,
669 3643 764 3723 quod
777 3640 926 3705 activum
938 3639 1036 3704 verbi
1044 3631 1190 3723 partire
1201 3658 1265 3724 per
1277 3657 1313 3705 se
1326 3641 1407 3705 satis
1424 3622 1671 3726 estinsolitum,

263 3750 314 3814 ita
336 3747 449 3812 utrix
469 3767 490 3810 a
507 3745 662 3810 librariis
682 3745 801 3809 fictum
824 3765 897 3812 esse
917 3737 1035 3830 possit'.
1061 3744 1296 3827 antiquissimi
1317 3746 1466 3810 maxime
1487 3746 1671 3831 scriptores

263 3827 480 3920 tioutuntur.
501 3851 559 3916 cfr
573 3855 661 3916 Non.
682 3852 787 3917 Marc.
800 3872 830 3932 7.
849 3855 888 3915 ³3
905 3861 940 3916 et
959 3855 1009 3928 64.
1050 3852 1165 3940 Quare
1182 3851 1273 3914 mihi
1286 3851 1434 3934 'quidem
1455 3871 1569 3934 neque
1580 3853 1670 3918 Gro-

265 3980 345 4024 nov.
362 3959 537 4026 observat.
561 3979 590 4023 r.
606 3977 655 4020 ro.
681 3975 794 4038 neque
813 3955 942 4020 Victor.
962 3959 1006 4018 ad
1028 3954 1097 4020 Cic.
1111 3959 1198 4040 Epp.
1217 3979 1244 4020 r.
1265 3977 1295 4037 9.
1314 3957 1495 4044 persuasit,
1513 3980 1670 4043 parave-

236 4057 238 4070 '
264 4071 354 4130 rant
372 4063 536 4127 hocloco
554 4063 599 4126 ab
620 4071 759 4128 auctore
776 4081 847 4127 esse
864 4061 1039 4147 scriptum.
1059 4083 1173 4146 neque
1187 4061 1292 4128 fidem
1308 4065 1505 4132 habendam
1519 4084 1590 4131 esse
1606 4085 1670 4148 pu·

263 4181 300 4238 to
326 4169 493 4254 Victorio,
512 4167 576 4251 qui
600 4169 666 4233 boc
690 4168 730 4232 in
751 4170 857 4231 Codd.
885 4187 922 4233 se
945 4167 1118 4234 invenisse
1143 4167 1240 4233 dicit.
1265 4169 1304 4234 in
1325 4170 1394 4234 Sal.
1417 4171 1512 4236 enim
1526 4168 1669 4235 libris‘a
1769 4243 1772 4253 ,
1846 4155 1851 4180 ’

263 4276 382 4346 conto
399 4275 554 4360 aliisque
566 4272 812 4361 interpretibus
831 4281 865 4344 et
885 4291 908 4338 a
927 4274 1076 4364 meipso
1093 4273 1256 4361 inspectis
1271 4276 1410 4342 nrdlum
1426 4274 1531 4358 hujus
1547 4275 1669 4345 lectio-
