4106 4974
408 375 492 453 ³200

415 580 481 643 Sed
501 577 678 662 perierunt
698 573 763 637 illa
781 573 959 638 literarum
980 577 1221 657 monumenta,
1241 589 1317 654 que
1329 568 1448 636 Cicero
1458 569 1531 656 ipse
1553 590 1624 638 non
1645 570 1821 663 imm.

414 677 485 756 lraai
505 685 564 746 sed
586 675 721 778 leicestre*
740 672 844 742 fuisse
859 677 1002 756 judicat.
1025 671 1133 764 (Epp.
1153 677 1197 741 ad
1219 680 1286 741 Art.
1301 699 1328 738 r.
1346 673 1392 758 1'9.
1410 675 1494 760 fin.)
1517 697 1596 742 nam
1617 699 1658 746 ex
1678 677 1723 746 iis
1743 701 1821 770 cog·

416 787 538 870 nosci,
569 805 645 867 quae
675 784 813 869 gesserit
845 794 879 847 et
906 803 982 865 quaa
1012 781 1137 844 dixerit
1166 782 1219 865 (l.
1246 781 1270 842 l.
1293 799 1320 848 a.
1341 781 1406 864 u).
1448 800 1468 845 a
1498 777 1686 849 serioribus
1714 787 1822 873 igitur

416 888 638 976 scriptoribds
670 899 750 952 sunt
778 891 927 973 petenda
962 886 1178 964 testimonia,
1208 907 1284 967 qum
1311 886 1342 949 si
1370 885 1484 949 minus
1512 889 1748 975 gravissunt,
1772 900 1821 956 ta·

416 1018 494 1062 men
515 1007 548 1061 et
569 996 644 1080 ipsa
663 996 812 1058 multum
833 992 1049 1056 auctoritatis
1069 991 1210 1057 habeut.
1235 991 1427 1055 Plurimum
1448 991 1556 1057 Dioni
1576 994 1692 1058 Cassio
1713 996 1820 1062 tribu-

404 1105 496 1188 unt,
518 1103 646 1187 quippe
668 1102 729 1184 qui
749 1102 843 1163 baud
865 1109 1010 1183 temere,
1030 1117 1107 1180 quaa
1117 1098 1453 1182 priores'scriptores
1473 1099 1648 1164 memorie
1669 1101 1820 1167 tradide-

331 1269 336 1286 ,
413 1210 504 1293 rint,
523 1217 656 1274 secutus
677 1207 739 1285 sit,
769 1209 828 1270 scd
849 1203 991 1270 nonnisi
1012 1202 1199 1288 diligenter
1219 1202 1532 1286 examinatamque
1551 1223 1688 1270 excussa
1707 1207 1819 1272 incor-

410 1324 515 1399 rupta
534 1313 602 1378 fide
625 1311 814 1378 tradiderit.
835 1310 895 1378 cfr.
912 1311 987 1380 Lib.
1004 1314 1055 1392 ³7·
1076 1327 1124 1372 ro.
1143 1318 1178 1374 et
1195 1313 1326 1391 25-39.
1354 1307 1534 1373 Proximus
1553 1310 1651 1374 locus
1670 1319 1718 1376 est
1739 1311 1820 1376 Plu-

412 1423 549 1502 tarcho,
570 1417 631 1500 qui
652 1418 691 1480 in
710 1415 799 1480 Vitis
812 1413 951 1480 Caesaris
971 1435 1000 1478 c.
1017 1437 1046 1496 7.
1064 1417 1093 1479 8.·
1114 1414 1224 1478 cruri
1246 1419 1293 1477 13.
1311 1412 1450 1478 Catonis
1465 1436 1514 1479 aa.
1531 1419 1580 1479 23.
1601 1415 1709 1490 Cicer,
1724 1437 1819 1479 ro.-

385 1517 464 1586 ‘2a.
490 1525 597 1586 multa
617 1523 741 1604 habet,
771 1541 847 1603 quae
866 1541 886 1582 a
905 1521 1054 1584 Salustio
1075 1522 1200 1584 omissa
1220 1527 1310 1585 sunt.
1330 1520 1436 1600 Cujus
1455 1519 1598 1602 quidem
1617 1522 1819 1608 auctoritas,

415 1630 570 1711 quamvis
591 1647 663 1692 non
689 1628 737 1690 ita
767 1647 892 1712 magna
912 1632 982 1710 est,
1012 1632 1126 1689 tamen
1157 1625 1266 1688 multa
1293 1643 1335 1690 ex
1363 1625 1538 1691 Ciceronis
1566 1627 1821 1692 commentariis

411 1735 728 1817 hausissevidetur,
750 1753 826 1815 quae
847 1753 867 1796 a
888 1729 1019 1815 ceteris,
1039 1729 1166 1812 quibus
1185 1728 1361 1795 Ciceronis
1372 1730 1479 1795 vitam
1493 1729 1641 1796 scribere
1654 1751 1724 1795 non
1736 1751 1819 1795 con-

414 1841 533 1905 silium
554 1840 640 1922 fuit,
668 1838 809 1903 silentio
830 1835 1056 1921 praetermissa
1075 1843 1162 1904 sunt.
1184 1837 1296 1920 Ipsius
1317 1837 1511 1921 Ciceronis,
1530 1843 1654 1921 preter
1672 1845 1820 1918 quatuor

415 1947 591 2012 orationes
611 1944 650 2008 in
670 1944 855 2008 Catilinam
877 1942 1031 2025 habitas,
1049 1941 1157 2004 multa
1177 1941 1246 2005 alia
1265 1941 1509 2027 suntindicia,
1529 1943 1676 2009 maxime
1689 1945 1727 2009 in
1741 1965 1820 2011 ora·

413 2053 568 2116 tionibus
588 2071 652 2135 pro
674 2053 828 2115 Muraena
848 2059 880 2114 et
906 2047 1012 2114 Coelio
1033 2047 1173 2112 habitis.
1201 2046 1262 2112 cir.
1276 2050 1343 2114 ·0r.
1361 2068 1425 2134 pro
1447 2051 1599 2127 Munna.
1614 2052 1663 2118 ai.
1679 2061 1717 2135 'p.
1734 2052 1817 2124 Cosl.

415 2161 443 2222 5.
462 2162 491 2222 6.
532 2163 582 2222 Nc
601 2157 759 2222 Suetonii
780 2154 922 2237 quidem
941 2155 1228 2219 contemnendum
1248 2153 1500 2239 testimonium,
1524 2154 1678 2237 quamvis
1698 2154 1820 2222 etiam-

414 2285 500 2326 num
522 2285 592 2327 non
613 2263 712 2347 pauci
732 2259 979 2346 inveniuntur,
1010 2260 1073 2344 qui
1099 2259 1171 2341 ejus
1198 2259 1299 2326 dictis
1319 2261 1423 2326 iidem
1443 2263 1621 2348 derogant.
1657 2263 1723 2327 sad
1743 2281 1818 2345 quae

358 2427 381 2475 ,r
413 2371 457 2432 de
476 2368 616 2434 cassus
636 2367 792 2432 moribus
811 2373 965 2451 enarrat,
985 2386 1027 2432 eo
1046 2367 1161 2432 minus
1180 2377 1333 2454 suspecta
1345 2368 1610 2454 cssevidentur,
1631 2388 1702 2452 quo
1715 2389 1818 2434 accu-

412 2474 519 2537 ratius
538 2474 665 2556 scripta
684 2482 773 2542 sunt.
796 2472 856 2536 cfr.
875 2473 1044 2541 vitantii
1065 2494 1137 2562 cap.
1152 2495 1181 2555 9.
1196 2483 1232 2541 et
1250 2491 1297 2552 ra.
1330 2474 1393 2539 ubi
1411 2474 1527 2559 plures
1547 2482 1648 2540 testes
1667 2475 1817 2560 locuple-

413 2577 537 2639 tissimi
552 2579 753 2638 laudantur.
773 2577 931 2659 Appiano
952 2581 995 2644 de
1016 2581 1101 2645 bell.
1116 2580 1187 2642 Cir.
1205 2603 1233 2642 a.
1253 2599 1345 2660 2-7.
1367 2579 1405 2642 in
1420 2579 1464 2644 iis
1479 2581 1563 2645 tides
1583 2581 1742 2645 habenda
1752 2589 1819 2667 est,

414 2679 477 2742 ubi
497 2679 648 2744 aliorum
666 2677 873 2761 scriptorum
893 2682 1026 2746 accedit
1043 2683 1236 2748 auctoritas.
1269 2688 1355 2748 Nam
1377 2707 1455 2750 cum
1476 2689 1520 2750 de
1539 2683 1641 2752 bellis
1660 2686 1820 2770 externis,

413 2793 486 2847 tum
506 2787 550 2850 de
571 2783 754 2848 discordiis
774 2783 970 2850 domesticis
990 2806 1113 2871 parum
1130 2799 1285 2855 accurate
1303 2791 1478 2877 scripsisse
1499 2791 1615 2858 etalii
1635 2799 1668 2857 et
1689 2811 1820 2858 nostu-

404 2910 474 2976 pra
494 2889 685 2954 docuimus.
719 2889 886 2956 Asconius
906 2892 1078 2958 Pedianus
1106 2903 1227 2986 contra
1254 2915 1377 2984 magua
1397 2919 1475 2962 cum
1495 2897 1677 2984 diligentia
1701 2902 1745 2964 de
1766 2917 1819 2964 re-

410 2998 475 3062 bus
496 3017 537 3062 eo
560 3006 713 3083 tempore
734 2996 837 3084 gestis
858 2998 1038 3084 dissensit,
1060 2999 1110 3063 ita
1128 3011 1166 3065 ut
1186 3021 1227 3066 ex
1249 3003 1321 3082 ejus
1341 3003 1603 3070 Commentariis
1622 3004 1661 3068 in
1682 3004 1819 3090 Cicero-

370 3173 374 3180 ,
410 3102 465 3166 nis
480 3104 589 3166 Oratt.
607 3103 743 3188 scriptis
763 3104 873 3168 multa
886 3116 1153 3193 cognoscantur,
1173 3129 1322 3191 quorum
1334 3113 1393 3176 rix
1404 3112 1517 3178 ullum
1529 3110 1711 3197 vestigium
1726 3114 1817 3197 apud

411 3199 541 3272 c'eteros
560 3209 742 3292 scriptores
762 3209 926 3276 invenias·
962 3213 1029 3280 Sed
1052 3215 1096 3278 de
1125 3215 1364 3295 conjuratione
1384 3217 1586 3282 Catilinaria
1604 3207 1741 3306 brevius
1761 3238 1818 3283 ex·

410 3312 537 3396 posuit.
588 3312 648 3382 clr.
682 3314 755 3394 ejus
786 3315 976 3385 Commeat.
1016 3317 1054 3381 iu
1093 3320 1152 3380 Or.
1185 3341 1249 3404 pro
1282 3320 1444 3386 Cornelio
1483 3330 1517 3387 et
1553 3323 1592 3388 in
1623 3324 1717 3386 Orat.
1748 3322 1817 3388 Cic.

409 3416 448 3477 in
468 3421 563 3502 Toga
583 3419 747 3483 Candida.
777 3421 912 3484 Horum
932 3429 1110 3487 auctorum
1130 3426 1262 3510 ‘scripta
1281 3427 1312 3491 si
1331 3447 1410 3492 cum
1422 3428 1563 3493 Salustii
1582 3428 1675 3492 libro
1695 3431 1819 3493 contu:

404 3519 504 3602 deris,
523 3521 625 3602 plura
637 3522 910 3608 fortasseparum
920 3530 1133 3612 probabilia,
1154 3530 1223 3592 alia
1248 3529 1350 3615 salsa,
1370 3533 1438 3597 alia
1460 3535 1692 3622 negligentius
1708 3534 1817 3620 scrip-

411 3635 446 3688 ta
467 3625 536 3689 tibi
555 3645 627 3690 esse
646 3626 866 3694 videbuntur.
898 3651 973 3714 quar
994 3631 1136 3713 quidem
1157 3653 1210 3696 res
1230 3654 1274 3698 ne
1288 3638 1466 3704 obscurior
1487 3640 1548 3726 sit,
1570 3649 1676 3724 utque
1699 3643 1743 3706 de
1755 3643 1817 3704 Sa-

408 3731 506 3796 lustii
526 3733 669 3819 ingenio
681 3736 816 3816 *rectius
837 3745 982 3802 statuere
1005 3738 1125 3820 liceat,
1148 3761 1224 3822 quae
1246 3743 1278 3804 ei
1298 3743 1385 3809 vitio
1404 3744 1493 3810 verti
1509 3765 1608 3830 posse
1619 3747 1817 3831 videantur,

409 3835 527 3898 omnia
546 3845 780 3906 enumeranda
802 3850 892 3905 sunt.
924 3844 1079 3907 Primum
1100 3843 1184 3930 fuit,
1203 3869 1307 3928 quem
1327 3848 1635 3937 mirumhaberct,
1656 3855 1751 3936 quod
1771 3855 1816 3918 dc

404 3938 532 4016 juvene
546 3945 695 4008 Catilina
715 3955 833 4011 auctor
853 3965 924 4010 non
946 3951 1135 4016 accuratius
1150 3963 1344 4035 erponcrct.
1364 3955 1503 4021 Scilicet
1516 3958 1719 4024 Plutarchus
1735 3977 1816 4024 auc·

411 4052 465 4110 tor
485 4053 535 4110 est
555 4043 641 4130 (vit,
653 4047 749 4112 Sulla
763 4050 832 4130 ³2.)
855 4051 1056 4138 Catilinam,
1075 4076 1153 4118 oum
1173 4055 1314 4120 fratrem
1327 4061 1545 4148 trucidasset,
1567 4066 1717 4150 eundem
1738 4072 1816 4149 post

344 4153 350 4162 '
408 4161 558 4218 mortem
577 4152 617 4217 iu
637 4154 908 4239 proscriptorum
928 4177 1072 4224 numero
1091 4164 1331 4245 reponendum
1351 4183 1492 4232 curasse.
1513 4169 1642 4234 Eodem
1650 4169 1729 4234 loco
1742 4170 1820 4234 Ma?

409 4257 502 4321 raum
522 4257 763 4326 Gratidianum
789 4279 851 4327 sua
869 4281 974 4326 manu
1000 4265 1165 4334 occidisse
1185 4267 1325 4352 ejusque
1345 4281 1447 4358 caput
1464 4273 1651 4340 abscissum
1671 4277 1716 4340 ad
1735 4274 1814 4338 Sul-
