4108 4976
1547 381 1549 388 .
1596 418 1670 515 289

202 656 207 668 ·
260 617 435 701 copulare
444 615 553 681 uitem
564 611 730 684 arbusto.
742 616 877 679 Lucret.
892 635 918 676 ι.
934 619 1003 697 1³7·
1024 635 1044 679 e
1065 599 1240 696 terraque
1260 617 1393 680 exorto
1406 616 1554 697 repente
1561 610 1673 676 ordu-

261 727 322 787 sta
340 723 507 791 salirent.
537 721 620 787 vide
638 741 687 787 vs.
703 724 775 786 35ι.
794 717 1043 809 frequentare
1063 719 1185 841 saepips
1209 725 1261 784 est
1300 718 1516 799 frequentem
1544 717 1673 800 lacere,

260 825 425 913 implere3
443 828 667 909 quamobrem
687 825 886 911 praepositio
900 848 925 889 o
943 845 1015 890 non
1032 829 1227 911 adponitur.
1255 822 1316 889 cir.
1338 832 1425 888 auct.
1443 828 1484 888 -Β,
1505 823 1608 888 Afric.
1624 843 1671 887 ro.

260 930 471 1022 sagittariis
480 969 523 984 -
524 927 794 1020 frequentabat
814 927 950 1014 copias.
1001 971 1005 974 -

344 1041 423 1122 Cap.
442 1039 556 1102 XLIX.
579 1045 789 1102 transvorso
811 1031 943 1100 itinere
958 1043 1157 1120 porrectus
1177 1034 1277 1100 collis
1296 1034 1449 1121 dicitur,¹
1470 1034 1554 1119 quia
1574 1055 1674 1101 mons

261 1148 299 1208 et
312 1143 436 1206 fluvius
454 1143 511 1208 via
529 1151 621 1207 recta
638 1142 840 1228 processisse
855 1142 1119 1226 existimantur,
1152 1141 1252 1206 collis
1281 1151 1395 1206 autem
1410 1171 1413 1178 ·
1426 1141 1465 1205 in
1489 1141 1674 1224 obliquum

261 1247 442 1334 pertinuit.
467 1245 625 1334 propior
645 1255 815 1314 montem.
845 1247 904 1311 cir.
916 1250 985 1311 Cat.
1001 1270 1049 1312 ιι.
1070 1257 1219 1332 etsupra
1236 1247 1281 1315 18.
1305 1248 1462 1311 delectos
1480 1265 1568 1310 suos
1581 1247 1673 1313 Med.

266 1367 296 1429 4.
317 1375 363 1417 m.
381 1373 446 1418 sec.
468 1375 509 1419 ex
523 1353 773 1418 emendatione.
795 1341 894 1417 Barb.
909 1371 937 1421 a.
958 1357 1019 1419 sed
1029 1355 1134 1441 longe
1149 1352 1294 1439 plurimi
1307 1352 1392 1415 libri
1401 1353 1575 1439 vulgatam
1591 1370 1675 1416 con·

262 1451 419 1544 firmant,
439 1479 543 1542 quam
564 1460 701 1523 Cortius
722 1467 815 1523 extra
832 1461 1098 1525 controversiam
1115 1469 1310 1544 corruptam
1326 1457 1428 1542 dicit,
1449 1465 1484 1521 et
1503 1479 1584 1522 cum
1598 1477 1673 1522 om·

267 1561 310 1628 m'
336 1564 504 1649 equitatu
526 1561 670 1648 pedites
698 1562 851 1632 dilector
866 1567 1015 1651 reponit.
1035 1566 1166 1632 scilicet
1179 1579 1268 1630 s'uos
1288 1564 1351 1648 qui
1370 1563 1457 1648 sint,
1484 1583 1555 1625 non
1567 1562 1676 1627 intel-

263 1667 442 1735 lexit-sed
452 1673 545 1734 haud
565 1671 671 1736 dubie
683 1678 761 1735 sunt
781 1671 1004 1756 intelligendi
1023 1668 1120 1757 regii
1132 1667 1283 1753 equites,
1309 1690 1397 1751 quos
1415 1671 1500 1733 dicit
1521 1668 1613 1733 infra
1628 1671 1677 1746 54.

173 1751 186 1772 ⁸
268 1773 331 1856 qui
360 1780 516 1842 custodes
541 1777 695 1862 corporis
721 1783 828 1840 erant.
852 1775 934 1837 vide
958 1793 1030 1856 cap.
1045 1776 1093 1854 67.
1121 1765 1184 1836 ubi
1203 1773 1329 1836 iterum
1351 1784 1677 1840 commemorantur.

269 1901 376 1962 quare
400 1881 492 1943 nihil
518 1884 730 1944 mutandum.
754 1887 906 1942 turmas
928 1885 964 1942 et
983 1878 1202 1961 maniprulos.
1223 1877 1366 1942 nomina
1383 1879 1539 1944 Romana
1553 1883 1598 1944 ad
1613 1881 1679 1946 ho-

269 1991 337 2049 stes
357 1985 526 2050 transfert.
547 1984 672 2050 ducem
693 1981 778 2052 illis.
799 1985 933 2049 dativus
949 2005 1018 2070 pro
1042 1982 1195 2072 genitivo
1206 1984 1352 2069 positus3
1375 1985 1413 2048 id
1435 1989 1530 2068 quod
1554 1987 1678 2070 saepius

269 2091 429 2162 occurrit.
454 2112 548 2175 quoe
567 2090 612 2156 ab
634 2087 857 2174 imperatore
877 2087 1078 2177 decuerint,
1098 2091 1230 2155 scilicet
1250 2089 1437 2174 provideri.
1464 2091 1587 2154 decere
1606 2110 1679 2155 non

273 2197 405 2279 ubique
424 2217 489 2281 pro
509 2197 615 2260 verbo
635 2195 859 2280 impersonali
878 2197 1036 2278 usurpari
1058 2195 1139 2260 satis
1165 2204 1312 2280 constat,
1344 2199 1404 2260 sed
1424 2195 1532 2283 magis
1556 2196 1679 2260 insoli-

272 2307 364 2385 tum,
396 2304 491 2383 quod
511 2321 588 2364 curn
609 2301 823 2366 nominativo
845 2311 878 2366 et
896 2301 1072 2368 infinitivo
1094 2301 1331 2389 conjungitur,
1352 2325 1430 2367 cum
1449 2302 1555 2389 vulgo
1571 2323 1679 2366 accus.

267 2425 354 2471 cum
374 2405 437 2472 ini.
458 2417 618 2492 ponetur.
638 2407 699 2471 cfr.
713 2409 792 2472 Tac.
807 2407 895 2496 Hist.
911 2411 938 2472 5.
955 2430 1002 2490 17.
1024 2429 1118 2491 quoe
1131 2404 1321 2492 provideri
1337 2417 1423 2474 astu
1434 2405 1536 2474 ducis
1550 2427 1681 2493 oppor-

275 2507 518 2578 turrita-uri
537 2517 612 2580 Vct.
626 2516 655 2577 5.
676 2515 767 2578 Med.
783 2537 810 2578 ι.
831 2517 916 2580 Ven.
931 2538 959 2608 .¹·
979 2516 1101 2598 probo.
1107 2515 1309 2598 prudentes
1321 2514 1345 2577 i.
1361 2536 1390 2580 e.
1402 2515 1557 2579 locorum
1571 2514 1681 2602 gnari,

274 2624 309 2684 et
330 2618 457 2700 quihus
468 2619 647 2704 ,praelium
668 2639 740 2684 non
759 2629 834 2685 erat
852 2619 1078 2704 inopinatum.
1098 2620 1158 2684 cfr.
1171 2619 1257 2684 Hist
1274 2621 1407 2706 Fragm.
1419 2625 1450 2684 3.
1469 2624 1530 2707 Ep.
1544 2621 1683 2686 Mithri·

274 2727 345 2788 dtst.
365 2721 499 2790 milites
520 2723 607 2791 belli
618 2728 829 2809 prudentes.
849 2724 923 2794 Liv.
937 2731 986 2803 34.
1001 2728 1051 2789 28.
1091 2723 1237 2790 Achaei
1255 2715 1682 2811 coomnipotentes.-

275 2827 480 2912 r'ntentrque
499 2829 854 2898 essent—invadere.
873 2835 947 2896 haec
963 2832 1012 2894 ita
1018 2830 1122 2914 jungi
1136 2850 1207 2893 non
1217 2840 1374 2916 possent,
1395 2831 1463 2894 nisi
1478 2830 1612 2916 parati
1619 2852 1681 2896 an·

277 2935 473 3018 tecessisset,
494 2937 589 3017 quod
618 2955 696 2997 cum
724 2933 897 2997 infinitivo
915 2934 1017 3019 jungi
1042 2953 1141 3018 posse
1164 2953 1266 3017 supra
1290 2935 1480 2998 docuimus.
1498 2943 1684 3019 utrumque
1707 3002 1709 3010 ,

273 3042 445 3126 junctum,
466 3043 525 3104 sed
537 3041 612 3104 sine
629 3040 802 3104 infinitivo
820 3041 894 3103 cat.
908 3057 958 3119 27.
980 3038 1041 3106 dr.
1054 3037 1128 3101 Lir.
1141 3053 1191 3113 24.
1203 3041 1253 3117 39.
1277 3041 1355 3102 Tac.
1375 3042 1463 3102 Anu.
1478 3055 1506 3100 a.
1523 3042 1571 3108 16.
1598 3041 1685 3126 quid

277 3147 323 3212 sit
343 3140 516 3213 victorias
535 3145 840 3231 confirmaturum
861 3143 1096 3225 unusquisque
1124 3141 1299 3228 intelligit.
1327 3143 1470 3208 labores
1487 3146 1683 3232 corfirme-

235 3283 238 3292 ‚
279 3275 322 3318 re
339 3272 403 3338 per
422 3270 459 3316 se
482 3249 553 3313 dici
571 3269 643 3313 non
662 3257 790 3334 potest,
818 3253 878 3315 scd
894 3271 957 3335 per
972 3247 1141 3333 syllepsin
1161 3269 1239 3313 cum
1257 3245 1431 3314 victorias
1445 3250 1618 3340 junctum,
1646 3255 1685 3321 id

280 3361 375 3444 quod
399 3356 483 3422 ferri
509 3355 635 3441 potest,
662 3359 773 3439 quod,
801 3375 877 3438 quae
904 3354 1167 3440 confirmantur,
1197 3355 1240 3419 iis
1257 3355 1355 3438 quasi
1376 3357 1456 3421 finis
1482 3351 1684 3444 imponitur.

280 3467 425 3530 eandem
451 3462 522 3527 lere
550 3463 754 3525 sententiam
788 3461 896 3526 Tacit.
921 3461 1083 3545 expressit
1109 3464 1198 3523 Ann.
1213 3477 1261 3525 ιι.
1275 3465 1324 3539 34.
1352 3465 1507 3548 Thucyd.
1522 3483 1550 3528 a.
1566 3483 1614 3530 ra.
1643 3461 1686 3543 ἦ.

280 3565 330 3641 ide
349 3573 366 3640 i
384 3566 486 3670 irriga
500 3567 556 3643 loir
573 3552 691 3638 ἔλλισι
711 3564 859 3654 praeitor
879 3569 979 3636 rendi
997 3559 1096 3664 ἔρξω.
1121 3568 1281 3649 pecunr'a
1300 3576 1370 3633 out
1387 3569 1528 3636 honore
1547 3577 1687 3640 extule-
1752 3607 1758 3620 ·

281 3682 354 3740 rat.
376 3675 480 3738 etiam
500 3674 573 3736 haee
593 3672 753 3756 syllepsis
774 3680 840 3758 est,
860 3693 939 3738 nam
955 3673 1102 3756 pecunia
1120 3693 1245 3758 augere
1261 3675 1316 3738 vel
1333 3677 1462 3738 donare
1474 3677 1579 3761 vulgo
1599 3678 1687 3741 dici·
1734 3723 1739 3732 -

283 3791 356 3860 tur,
378 3781 438 3842 sed
458 3777 560 3841 etiarn
584 3771 705 3841 efferre
725 3775 841 3842 dicere
856 3778 954 3860 licet,
975 3778 1056 3858 quia
1077 3777 1261 3860 sepissime
1277 3777 1315 3840 in
1327 3779 1474 3861 pecunia
1486 3790 1589 3862 atque
1602 3802 1688 3866 prte—

283 3883 364 3950 miis
384 3884 507 3947 dandis
524 3884 639 3946 honor
657 3889 708 3946 est
726 3883 867 3966 positus.
889 3882 1106 3969 degrediens.
1132 3885 1205 3946 haec
1225 3883 1319 3945 haud
1340 3885 1447 3948 dubie
1468 3905 1548 3949 vera
1568 3887 1688 3972 lectio,

282 3989 474 4073 siquidem
502 3982 710 4074 degrediens
730 3994 764 4050 et
786 3982 1006 4073 digrediens,
1039 3987 1133 4076 quod
1152 3985 1298 4069 plurimi
1315 3985 1400 4050 libri
1424 3991 1568 4075 hahent,
1598 3995 1689 4057 inter

283 4116 320 4163 se
342 4089 482 4158 differre
502 4090 691 4156 statuimus.
708 4086 835 4181 facies
861 4090 886 4154 i.
906 4109 934 4153 e.
954 4089 1053 4152 collis
1073 4109 1093 4152 a
1113 4091 1272 4155 Numidis
1292 4103 1485 4178 occupatus.
1502 4096 1583 4158 vide
1597 4096 1688 4161 infra

265 4185 357 4287 ⁸cop.
372 4203 421 4264 5ι.
443 4207 476 4264 et
497 4205 564 4262 cat.
577 4200 627 4259 31.
649 4215 764 4277 neque
776 4197 891 4279 plone
908 4191 1049 4260 occulti
1073 4197 1164 4259 Med.
1181 4219 1227 4262 ιο.
1259 4197 1447 4264 occultari
1465 4185 1555 4268 Med.
1568 4218 1598 4278 4.
1626 4223 1688 4268 oc-

286 4303 423 4373 euitati
442 4303 533 4370 Med.
548 4305 578 4368 5.
593 4321 641 4365 ιι.
661 4301 745 4368 Ven.
767 4324 792 4366 ι.
805 4319 835 4381 4.
856 4303 930 4370 Vet.
943 4319 974 4364 r.
988 4317 1019 4368 a.
1033 4316 1064 4379 4.
1078 4305 1107 4366 5.
1128 4302 1218 4366 Flor.
1234 4323 1261 4366 ι.
1283 4307 1389 4388 Neap.
1400 4307 1430 4367 3.
1460 4305 1545 4370 Min.
1560 4323 1588 4376 u.
1613 4311 1690 4392 qui-

1220 4415 1265 4486 3²
