4108 4976
1616 415 1689 514 295

278 600 385 667 litum
407 608 489 667 erae
508 599 532 670 i.
554 620 584 668 e.
603 623 676 668 non
700 601 826 690 defuit,
846 597 974 670 milites
992 604 1073 668 satis
1091 603 1197 669 fortes
1210 603 1322 684 luere3
1347 606 1459 670 oratio
1475 604 1621 672 oonsilio
1641 609 1685 674 ab

278 717 417 772 auctore
434 707 575 772 variata.
598 704 656 773 die
676 730 795 793 vesper
814 719 906 775 erat.
927 711 1104 775 insolitam
1125 709 1400 776 terminationem
1426 713 1460 780 h.
1480 712 1504 775 l.
1526 712 1628 776 multi
1643 712 1687 778 li-

263 813 334 876 ·bri
348 813 568 899 confirmant,
589 835 667 878 eum
686 835 788 900 supra
797 836 842 880 ne
854 836 945 880 unus
964 819 1106 900 quidem
1128 817 1219 884 liber
1237 817 1339 895 illam¹
1354 816 1563 882 detenderet.
1591 820 1686 900 quod

279 927 313 983 et
342 920 455 1004 ipsum
483 927 533 998 est
561 921 769 1006 testimonio,
799 941 872 985 non
894 922 1025 1003 ubique
1051 925 1114 987 bas
1134 922 1261 987 formas
1287 930 1322 986 et
1349 924 1392 985 ab
1414 923 1563 986 Salustio
1585 931 1619 988 et
1639 922 1683 986 sb

277 1023 356 1088 aliis
377 1024 602 1108 scriptoribus
621 1045 693 1090 esse
713 1034 905 1112 usurpatas,
924 1031 985 1091 sed
1000 1028 1148 1092 maxime
1163 1027 1299 1091 aurium
1309 1026 1481 1105 judicium
1490 1027 1684 1112 'scriptores

277 1147 349 1213 esse
366 1139 510 1194 secutos.
529 1130 589 1198 cfr.
607 1131 703 1196 Geli·
717 1135 756 1196 N.
776 1133 815 1197 Α.
830 1154 860 1214 9.
881 1149 930 1209 ι4.
950 1140 984 1198 et
1005 1133 1099 1219 Virg.
1118 1135 1242 1219 Georg.
1263 1154 1289 1194 1.
1307 1134 1377 1197 208.
1406 1142 1439 1198 et
1453 1133 1612 1198 Servium
1631 1141 1703 1196 at-·

277 1255 345 1316 que
365 1235 516 1299 Pierium
544 1239 589 1300 ad
614 1239 854 1304 bonolocum.
890 1239 1001 1307 Plaut.
1025 1242 1146 1305 Pseud.
1160 1255 1190 1315 4.
1204 1262 1234 1319 7.
1247 1239 1296 1319 59.
1322 1259 1425 1323 supra
1438 1257 1488 1302 ss.
1523 1233 1580 1302 die
1609 1256 1684 1302 rea·

270 1360 343 1422 per
359 1341 590 1406 abundantius
607 1342 752 1424 dictum3
774 1344 892 1426 qualia
912 1345 1020 1407 multa
1039 1345 1079 1408 in
1103 1344 1300 1427 antiquiore
1322 1363 1489 1409 sermone.
1509 1341 1570 1407 cir'.
1590 1340 1683 1404 infra

277 1463 352 1529 cap.
367 1448 434 1512 106.
448 1455 481 1511 et
492 1445 622 1532 Dictys.
635 1453 665 1512 3.
679 1469 729 1512 so.
740 1459 831 1514 recte
840 1459 1015 1534 comparat
1022 1453 1112 1515 Cort.
1122 1445 1434 1532 vultuseorporis‚
1442 1445 1535 1512 anni
1543 1455 1683 1530 tempus

275 1558 309 1614 et
328 1538 637 1618 simulandum
658 1557 752 1619 colle
771 1554 794 1618 i.
817 1575 846 1619 e.
867 1558 1047 1619 adversum
1067 1556 1208 1634 collem;
1228 1555 1369 1640 proprie
1388 1555 1448 1637 ita,
1459 1551 1497 1616 ut
1506 1551 1606 1616 collis
1621 1551 1684 1612 ad·

273 1673 391 1718 versus
410 1666 511 1736 essct3
537 1657 704 1722 Salustius
731 1660 837 1746 enim,
856 1669 896 1724 ut
916 1663 1006 1725 bene
1030 1653 1182 1742 eortius,
1202 1660 1325 1743 saepius
1345 1659 1498 1722 ablativo
1520 1655 1691 1737 absoluto,

274 1759 336 1840 qui
358 1760 496 1842 dicitur,
514 1763 571 1827 vel
588 1764 632 1826 iis
648 1765 735 1828 locis
753 1767 879 1849 utitur,
897 1765 960 1827 ubi
987 1764 1092 1833 totius
1117 1772 1294 1826 structurae
1319 1763 1408 1825 ratIo
1432 1761 1541 1822 alium
1573 1777 1689 1822 casum

273 1866 448 1946 postulare
468 1869 660 1931 videbatur.
690 1867 750 1931 cfr.
771 1872 843 1932 Cat.
862 1891 890 1932 c.
905 1889 934 1948 9.
956 1868 1016 1932 fin.
1041 1889 1088 1930 rs.
1106 1887 1208 1951 supra
1233 1887 1280 1947 ι9.
1292 1879 1344 1945 49.
1364 1864 1455 1928 inira
1475 1867 1576 1928 sset
1593 1862 1683 1926 Hist.

197 2027 214 2038 ,
274 1970 405 2054 Fragm.
421 1987 451 2045 4.
471 1975 532 2055 Ep.
552 1972 743 2036 Mithridat.
764 1973 962 2049 evadenti.
987 1993 1017 2037 e.
1045 1976 1237 2037 escendent.
1257 1972 1393 2035 Linus.
1406 1972 1456 2045 45.
1477 1969 1623 2032 evadere
1633 1963 1688 2032 ad

275 2070 430 2139 moenia.
456 2076 549 2162 Virg.
560 2078 644 2140 Aen.
656 2095 686 2139 s.
699 2081 771 2154 458.
793 2081 901 2144 evado
917 2080 970 2143 ad
981 2075 1116 2141 summi
1122 2072 1288 2166 fastigia
1308 2066 1683 2144 culminis-amissa,

273 2179 367 2243 loeo.
388 2180 413 2243 i.
423 2201 453 2248 e.
473 2183 552 2246 loco
568 2184 713 2267 depulsi.
733 2185 783 2247 ita
799 2181 970 2248 amittere
989 2190 1142 2268 tempus,
1154 2180 1409 2265 waradonem,
1423 2177 1600 2262 praedam
1622 2172 1678 2238 di·

275 2283 374 2347 citur.
396 2283 542 2374 ignara.
567 2288 648 2352 vide
665 2309 767 2374 supra
786 2309 858 2374 cap.
873 2291 921 2352 ι8.
941 2294 1068 2351 tutata
1088 2288 1233 2354 curib.
1251 2286 1274 2353 l.
1295 2283 1420 2370 optimi
1445 2282 1530 2346 libri
1550 2278 1678 2344 confir·

272 2397 377 2452 mant.
388 2385 580 2479 festinans
596 2391 732 2482 pergit.
751 2394 829 2458 aliis
842 2392 928 2458 loeis
945 2394 1023 2458 loeo
1039 2391 1215 2477 participii
1224 2393 1367 2457 verbum
1379 2389 1517 2454 finitum
1532 2385 1684 2473 ponitur,

82 2533 86 2540 .
196 2553 201 2564 ,
273 2503 308 2558 et
316 2494 509 2561 infinitivus
517 2498 682 2580 sequitur.
693 2499 753 2562 cfr.
761 2493 1504 2588 intra64.nesestinaretabire-quietum.
1512 2515 1542 2558 e.
1550 2491 1688 2560 leniter,
1807 2561 1813 2570 .

193 2672 196 2678 ,
271 2607 375 2683 atque
394 2603 540 2687 placide,
559 2604 635 2668 sine
655 2625 781 2691 magno
800 2606 920 2669 labore
941 2614 1044 2685 atque
1060 2601 1294 2686 contentione,
1323 2603 1418 2684 quod
1437 2599 1487 2663 ita
1507 2597 1585 2662 lieri
1600 2595 1676 2674 jus·
1790 2592 1796 2600 '

271 2715 360 2770 serat
382 2707 562 2794 Jugurths,
576 2709 783 2794 'utprimum
802 2711 1027 2796 intelligeret,
1055 2709 1147 2791 quid
1162 2710 1277 2772 hostes
1295 2714 1436 2793 agerent
1456 2703 1676 2768 molirentur-

269 2831 323 2875 ve.
343 2822 501 2876 exornat
521 2812 544 2876 i.
565 2835 593 2877 e.
614 2826 770 2899 apparat,
800 2816 949 2880 instruit.
977 2813 1036 2876 cfr.
1051 2814 1176 2877 Justin.
1190 2816 1219 2875 5.
1234 2815 1262 2876 6.
1291 2813 1451 2876 classem.
1478 2810 1558 2872 vide
1580 2803 1674 2869 infra

271 2917 322 2978 85.
348 2916 556 2979 convivium.
585 2918 701 2982 armis
729 2941 919 2984 exornare.
948 2925 1015 2982 Cst.
1030 2939 1079 3000 17.
1097 2927 1132 2982 et
1152 2917 1243 2982 inira
1256 2939 1306 2999 9ο.
1331 2913 1424 2980 satis
1437 2908 1674 2998 providenter

271 3027 430 3084 exornat
439 3005 538 3084 nullo
548 3041 627 3084 essu
642 3023 771 3087 addito.
792 3027 916 3088 animo
926 3024 1121 3092 saeuumd.
1133 3044 1162 3087 e.
1173 3044 1297 3108 parum
1307 3020 1475 3085 sollicitus
1486 3027 1520 3082 et
1533 3016 1672 3080 otiosus.

270 3124 385 3188 simile
401 3127 521 3189 Cicero
539 3127 728 3212 conjungit.
751 3127 816 3191 Cio.
836 3131 931 3195 Vere.
946 3144 975 3189 s.
988 3148 1017 3208 9.
1049 3125 1174 3191 animo
1196 3147 1308 3190 vacuo
1330 3135 1441 3206 atque
1465 3123 1590 3186 soluto
1611 3137 1672 3182 co·

268 3229 392 3318 gitare
408 3227 703 3312 aliquid-arte
716 3239 913 3296 statuerat.
937 3231 995 3295 cfr.
1007 3235 1079 3296 Cat.
1092 3235 1141 3313 59.
1161 3223 1305 3313 reliqua
1326 3225 1433 3316 signa
1452 3226 1492 3308 in
1512 3221 1672 3290 subsidio

271 3331 396 3398 artius
414 3337 585 3399 collocat.
605 3335 677 3399 Lir.
692 3337 784 3400 abo.
804 3333 1062 3420 multiplicatis
1083 3333 1121 3400 in
1150 3343 1258 3399 arcto
1279 3330 1531 3398 ordinibus-
1547 3328 1676 3416 offec-
1712 3376 1716 3384 2

269 3439 371 3503 reti.
392 3458 421 3503 e.
453 3439 703 3524 impedimento
724 3451 825 3526 esset,
853 3441 1054 3526 impediret,
1081 3441 1292 3525 prohiberet.
1319 3439 1400 3504 vide
1419 3436 1511 3501 infra
1527 3437 1578 3500 58.
1603 3428 1675 3500 atii

270 3541 310 3610 in
330 3543 512 3633 angustiis
532 3541 604 3629 spei
619 3543 691 3611 sibi
703 3543 945 3630 properantes
966 3546 1163 3629 qfficerent.

347 3651 426 3732 Gap.
446 3651 534 3712 Llll.
556 3649 806 3715 concurritur.
825 3654 893 3715 hoc
914 3670 1033 3715 omues
1053 3648 1138 3714 libri
1156 3650 1269 3713 Italici
1285 3651 1421 3714 habent.
1450 3654 1674 3712 tantummo-

271 3749 329 3818 do.
347 3754 497 3836 positum
517 3775 580 3838 pro
600 3755 703 3820 haud
719 3753 893 3840 amplius,
927 3755 1022 3834 cujus
1041 3775 1122 3818 usus
1142 3755 1298 3838 exempla
1313 3755 1481 3818 desidero.
1504 3747 1542 3814 in
1560 3750 1672 3833 eleph.

270 3855 384 3938 auxil.
401 3866 552 3941 putant.
577 3857 639 3923 cir.
652 3862 723 3924 Cat.
738 3865 788 3936 48.
809 3871 843 3925 et
858 3881 906 3940 19·
926 3869 960 3924 et
974 3878 1002 3923 s.
1032 3855 1231 3923 maximam
1259 3854 1419 3944 gloriam
1448 3852 1486 3918 in
1507 3855 1669 3921 maximo

222 4015 227 4022 .
269 3960 421 4045 imperio
436 3973 635 4046 putare.—
639 3974 839 4049 postquam
861 3986 930 4029 eos.
958 3983 1162 4047 pronomen,
1187 3964 1281 4043 quod
1306 3963 1440 4042 aliquot
1457 3960 1566 4024 Cortii
1586 3959 1671 4023 libri

270 4085 338 4130 om.
354 4069 467 4134 italici
489 4090 609 4134 omnes
626 4072 784 4135 retinent.
807 4090 918 4152 neque
934 4067 1025 4132 salva
1041 4066 1208 4131 orationis
1225 4068 1469 4150 perspicuitate
1482 4064 1592 4128 deleri
1604 4082 1669 4146 po·

270 4180 343 4238 test.
356 4168 456 4262 fessi
470 4173 638 4257 laetique.
658 4175 814 4258 quamvis
833 4185 933 4239 antea
943 4174 1138 4254 lectionem,
1156 4177 1289 4239 aCodd.
1302 4175 1406 4258 longe
1416 4169 1577 4255 plurimis
1589 4187 1671 4232 con,-

268 4274 439 4343 firmatam
458 4288 493 4345 et
509 4278 584 4364 ipse
598 4279 830 4365 defenderam,
851 4289 964 4345 tamen
983 4299 1022 4344 re
1037 4278 1169 4342 iterum·
1185 4279 1379 4361 iterumque
1390 4279 1583 4362 retractate,
1597 4275 1685 4340 taem
1790 4307 1793 4314 =
