4116 4970
395 391 445 482 64

392 583 569 665 quodhoc
594 579 672 644 loco
702 585 820 645 auctor
839 578 1018 664 pudorem
1042 575 1158 663 potius
1179 582 1213 640 ct
1235 575 1460 641 honestatem
1482 575 1629 642 innuere
1646 575 1794 645 videtur.

357 721 360 730 ν
393 707 463 768 quo
483 685 622 767 quidem
639 705 737 749 sensu
749 687 870 748 Pacuv.
891 703 945 768 ap.
969 682 1036 744 Cic.
1061 685 1103 746 de
1123 681 1200 744 Div.
1221 701 1250 746 s.
1265 685 1314 742 δι.
1337 676 1526 774 virginalis
1544 679 1722 747 modestia
1742 685 1796 749 di·

394 792 456 855 xit·
471 791 666 876 junguntur
686 791 789 853 etiam
811 791 903 873 apud
923 787 1068 850 Statium
1090 787 1172 849 silv.
1189 803 1218 849 2.
1249 789 1328 864 t.39
1358 785 1541 870 modestia,
1567 789 1696 873 pudor,
1715 809 1796 873 pro-

392 896 491 958 bitas.
525 899 584 958 sed
603 899 744 959 observa
767 895 924 956 additum
945 911 1139 975 pronomen
1158 911 1247 954 suae
1267 890 1370 954 etiam
1392 889 1484 954 infra
1501 911 1573 975 cap.
1589 893 1637 954 ia.
1658 895 1795 977 apposi-

394 1007 492 1062 tum:
517 995 551 1062 si
573 996 644 1082 ipsi
653 994 858 1082 pudicitiae
875 1017 981 1078 suae,
1001 991 1035 1057 si
1043 989 1177 1084 famae
1193 1015 1282 1057 suae
1300 990 1474 1078 pepercit.
1501 997 1538 1057 Id
1558 999 1653 1076 quod
1671 1007 1795 1061 notan·

393 1107 494 1187 dum,
511 1107 604 1186 quod
624 1103 777 1185 Gortius,
791 1103 916 1164 horum
939 1100 1094 1162 locorum
1111 1099 1310 1182 immemor,
1326 1099 1447 1183 sepius
1460 1119 1556 1183 prom
1569 1103 1794 1184 possessivum

395 1209 505 1274 deleri
521 1209 631 1288 jussit.
640 1208 813 1294 fidosque
822 1200 975 1294 faceret
996 1239 1040 1255 —
1069 1200 1139 1266 sibi
1158 1223 1199 1267 ex
1217 1201 1388 1266 Cottianis
1409 1204 1519 1266 libris.
1554 1205 1664 1268 Guelt.
1687 1229 1717 1290 9.
1754 1227 1795 1273 ex

394 1314 529 1377 nostris.
550 1315 647 1376 Barb.
663 1316 692 1372 3.
712 1309 841 1373 omisit.
863 1316 896 1372 et
917 1327 1099 1370 numerum
1117 1309 1300 1370 verborum
1322 1327 1422 1391 pron.
1448 1308 1583 1372 sublato
1608 1310 1795 1395 elegantio-

391 1439 466 1482 rem
482 1417 623 1500 dixeris,
643 1418 703 1479 sed
722 1412 921 1477 defenditur
938 1433 1008 1475 non
1028 1413 1140 1476 solum
1159 1412 1369 1496 optimorum
1387 1413 1558 1477 librorum
1573 1416 1795 1502 auctoritate,

393 1524 455 1586 sed
475 1521 580 1583 etiam
607 1519 779 1582 similibus
801 1517 1046 1580 locutionibus.
1073 1514 1152 1578 vide
1171 1535 1272 1600 supra
1292 1537 1320 1580 c.
1342 1537 1390 1578 ιι.
1409 1525 1443 1581 et
1462 1517 1554 1580 inira
1573 1539 1602 1580 o.
1625 1535 1672 1582 ao.
1694 1523 1744 1584 De
1757 1541 1795 1586 re

397 1625 568 1690 consentit
587 1624 714 1686 Cicero.
736 1619 797 1693 cfr.
814 1623 906 1684 Orat.
924 1641 988 1705 pro
1007 1620 1124 1683 Coelio.
1146 1641 1173 1682 c.
1189 1621 1218 1682 6.
1239 1622 1422 1685 nonullos.
1442 1623 1515 1685 heec
1533 1625 1577 1715 ad
1595 1624 1795 1690 Ciceronem

397 1739 548 1814 spectare
569 1727 717 1812 dixeris,
750 1727 888 1790 collatis
906 1726 999 1788 Orat.
1023 1724 1062 1787 in
1081 1725 1179 1787 Catil.
1196 1726 1221 1790 1.
1241 1727 1270 1787 6.
1292 1730 1337 1788 1³.
1367 1729 1409 1790 11.
1424 1742 1454 1802 4.
1469 1729 1498 1788 8.
1520 1726 1669 1792 honeste
1687 1727 1795 1812 pudi-

399 1831 527 1896 citiam
552 1831 729 1896 habuisse.
749 1831 829 1894 vide
851 1851 953 1914 supra
975 1851 1004 1892 c.
1022 1849 1070 1893 ιι.
1096 1826 1309 1893 modestiam
1323 1830 1463 1893 habere.
1484 1834 1543 1896 sed
1554 1851 1690 1896 sensum
1701 1837 1795 1916 quod
1828 1843 1832 1850 '

394 1937 537 2014 attinet,
561 1936 661 2000 facile
684 1935 876 2022 intelligas,
896 1935 1081 1998 Salustium
1103 1956 1175 1998 nou
1193 1956 1320 2020 negare
1348 1935 1522 1999 dissolutis
1541 1937 1694 2001 moribus
1716 1938 1795 2003 illos

390 2043 534 2122 juvenes
560 2042 682 2124 fuisse,
709 2041 837 2124 quippe
860 2039 920 2121 qui
940 2039 1013 2124 ipse
1036 2040 1229 2124 impudicos
1255 2049 1289 2105 et
1302 2040 1475 2104 adulteros
1501 2041 1592 2116 inter
1614 2061 1672 2106 eos
1690 2041 1795 2110 tuisse

394 2147 538 2232 dixerit,
562 2150 623 2210 sed
642 2151 683 2210 dc
703 2147 831 2209 mutuis
857 2147 1079 2230 stuprisque
1110 2146 1296 2211 exercuisse
1307 2148 1525 2231 putabantur,
1551 2146 1652 2211 aliter
1668 2147 1795 2214 statuit.

398 2248 568 2334 cuiquam
591 2248 633 2315 id
642 2260 876 2336 compertum.
896 2274 997 2335 pron.
1018 2250 1060 2316 id
1069 2255 1163 2334 quod
1181 2271 1309 2338 omnes,
1334 2270 1421 2334 quos
1438 2251 1523 2336 vidi,
1536 2251 1619 2314 libri
1630 2253 1796 2340 retinent,

395 2357 532 2420 Curtius
550 2357 695 2441 delevit,
717 2367 819 2438 atque
834 2359 925 2419 hauc
947 2356 1125 2420 audaciam
1147 2377 1191 2421 ne
1213 2358 1383 2422 excusavit
1400 2357 1556 2442 quidem,
1577 2362 1705 2422 nedum
1724 2361 1797 2439 ejus

393 2463 563 2527 rationem
583 2460 784 2526 reddiderit.
812 2471 946 2545 poterat
963 2462 1103 2544 quidem
1122 2462 1253 2548 omitti,
1272 2465 1332 2527 scd
1354 2463 1474 2526 durior
1492 2464 1677 2528 verborum
1691 2475 1797 2530 struo·

395 2575 473 2630 tura
493 2566 620 2628 fuisset.
651 2587 731 2628 nam
750 2566 987 2645 conjunctivus
1005 2575 1228 2650 compertum
1236 2563 1347 2658 soret
1360 2566 1501 2632 nonnisi
1519 2577 1651 2634 retento
1667 2590 1797 2657 prono·

357 2694 365 2710 ·
398 2671 492 2735 mine
512 2667 554 2734 id
572 2680 661 2734 recte
682 2671 844 2754 explicari
861 2681 982 2755 potest.

476 2777 557 2860 Cap.
577 2775 646 2840 XV.
670 2774 761 2841 Cum
776 2777 966 2839 sacerdote
989 2775 1131 2840 Vestae.
1150 2773 1223 2838 baec
1237 2783 1390 2859 suspecta
1409 2777 1692 2856 habuitCortius,
1714 2778 1796 2861 quia

394 2881 560 2946 Salustius
582 2881 711 2945 incerta
730 2902 794 2966 pro
816 2880 998 2965 compertis
1027 2899 1166 2944 narrare
1187 2899 1259 2943 non
1286 2881 1404 2945 soleat.
1424 2886 1483 2946 sed
1506 2883 1565 2945 cfr.
1589 2883 1686 2948 Oros.
1713 2887 1743 2949 6.
1766 2891 1795 2956 3.

396 2989 551 3064 ,Eodem
573 3008 664 3052 anno
685 2991 777 3074 apud
798 2991 944 3051 Romam
965 2986 1113 3048 Catilina
1133 2987 1255 3048 incesti
1276 2997 1465 3072 accusatus,
1485 2991 1578 3070 quod
1600 3009 1677 3052 cum
1692 2991 1796 3054 Fabia

402 3093 538 3176 virgine
569 3097 695 3159 Vestali
720 3095 928 3158 commisisse
957 3092 1193 3178 arguebatur,
1224 3092 1337 3154 Catuli
1366 3092 1474 3178 gratia
1510 3093 1616 3157 tultus
1648 3094 1795 3158 evasit.”

405 3196 574 3258 consentit
594 3199 714 3259 Ascon.
733 3200 873 3263 Pediau.
895 3202 1024 3262 comm.
1048 3199 1084 3257 in
1106 3199 1173 3259 Cic.
1195 3199 1288 3258 Orat.
1301 3198 1338 3259 in
1360 3199 1455 3282 Toga
1474 3199 1609 3261 candid.
1627 3219 1703 3285 pag.
1725 3203 1795 3263 151.

308 3381 310 3386 ,
398 3301 487 3364 Edit.
509 3300 665 3384 Lugdun.
687 3299 792 3366 Hack.
820 3303 908 3374 1644.
935 3339 952 3373 ..
965 3299 1068 3358 Fabia
1089 3299 1233 3360 Vestalis
1255 3320 1389 3362 causam
1411 3303 1531 3367 incesti
1551 3305 1696 3389 dixerat,
1718 3325 1795 3370 cum

396 3404 431 3467 ei
451 3405 599 3466 Catilina
619 3403 825 3481 objiceretur
846 3413 984 3485 cratque
1002 3401 1158 3464 absoluta
1175 3403 1247 3466 haec
1266 3406 1387 3490 Fabia,
1409 3408 1491 3490 quia
1512 3429 1608 3474 soror
1634 3421 1706 3474 erat
1730 3413 1795 3477 Te-

393 3506 514 3571 rentiae
540 3507 736 3585 Ciceronis,
767 3509 846 3570 ideo
880 3509 929 3570 sic
949 3509 1054 3569 dixit:
1083 3502 1229 3569 etiamsi
1274 3513 1381 3594 culpa
1414 3516 1519 3577 nulla
1549 3515 1716 3580 subesset.
1744 3519 1795 3580 Ita

395 3620 432 3680 et
464 3613 535 3677 suis
556 3613 709 3698 pepercit
742 3620 776 3675 et
801 3611 914 3674 nihilo
945 3610 1055 3674 levius
1082 3609 1224 3674 inimico
1249 3616 1374 3679 summi
1404 3620 1582 3703 opprobrii
1609 3620 1796 3704 turpitudi-

393 3737 474 3783 nem
497 3719 623 3799 objecit
636 3717 655 3751 ''
676 3727 710 3783 et
729 3718 832 3803 paulo
854 3715 946 3780 infra
978 3717 1152 3780 Ciceronis
1171 3720 1295 3782 verba:
1323 3723 1384 3785 Es:
1414 3725 1535 3787 eodem
1565 3734 1696 3810 stupro
1729 3721 1798 3789 tibi

396 3827 433 3884 et
453 3841 603 3887 uxorem
625 3831 661 3888 et
666 3821 791 3910 filiam
814 3818 991 3888 invenisti.
1012 3831 1046 3887 ct
1066 3825 1176 3888 Ascon
1205 3824 1243 3888 in
1269 3827 1362 3888 bunc
1385 3828 1500 3891 locum
1521 3828 1675 3894 Dicitur
1693 3827 1794 3897 Cati·
1854 3847 1858 3854 '

396 3920 476 3986 lina
493 3923 713 3989 adulterium
727 3923 945 3993 commisisse
964 3948 1120 4013 cumea,
1142 3951 1235 4011 quae
1255 3927 1427 4012 eipostea
1442 3953 1570 3997 socrus
1578 3929 1683 4024 fuit,
1707 3943 1742 3998 et
1751 3957 1795 3999 eae

393 4034 525 4111 stupro
546 4027 690 4093 duxisse
704 4052 874 4116 uxorem,
893 4028 1068 4117 cumfilia
1088 4030 1167 4125 ι’]ἰιε
1186 4043 1284 4097 esset.
1306 4034 1372 4097 Sed
1392 4037 1537 4100 dubium
1558 4049 1624 4123 est,
1642 4061 1725 4102 uum
1735 4041 1795 4103 Sa-

394 4134 518 4198 lustius
535 4135 602 4196 hoc
624 4132 753 4197 crimen
768 4134 959 4221 intelligat,
988 4137 1092 4218 idque
1108 4158 1172 4222 pro
1193 4147 1284 4202 certo
1296 4141 1460 4226 posuerit,
1482 4146 1525 4208 dc
1543 4163 1612 4225 quo
1628 4145 1795 4209 Asconius

396 4239 594 4308 dubitanter
608 4237 741 4306 locutus
761 4238 814 4306 sit.
845 4240 1026 4309 Adultum
1049 4250 1173 4308 aetate
1192 4262 1234 4310 ex
1257 4246 1363 4312 Codd.
1379 4247 1509 4314 Italicis
1528 4252 1633 4340 longe
1647 4249 1795 4337 plurimi
