4108 4976
284 364 287 370 ’
383 391 457 486 294

380 582 414 652 ti
430 592 519 651 stare
535 599 610 646 non
633 593 733 664 posse
746 571 878 653 judico.
905 591 984 634 cum
1006 568 1100 637 enim
1122 563 1278 652 itinere,
1299 572 1413 650 atque
1441 587 1549 650 opere
1580 575 1791 638 castrorum

383 700 418 759 et
434 687 579 776 proelio
610 685 705 749 haud
730 677 838 745 dubie
866 680 911 742 ad
920 672 1021 768 sessi
1045 675 1255 763 pertineant,
1286 681 1320 740 et
1340 672 1523 760 praeposita
1542 665 1611 739 sint
1630 684 1672 739 ut
1688 677 1794 760 hujus

330 777 337 786 ¹
380 797 476 862 vocis
494 797 547 860 vis
562 791 769 876 explicetur,
786 781 948 868 laetique
967 794 1081 850 autem
1099 803 1176 848 cum
1188 775 1288 871 fissi
1306 789 1376 844 tam
1390 788 1481 845 arcte
1502 779 1722 860 conjunctum
1737 785 1792 871 sit,

383 911 424 968 ut
443 905 487 967 ah
509 920 550 966 eo
570 895 705 981 sejungi
725 911 797 957 non
816 890 940 977 possit,
959 909 1033 955 non
1051 886 1165 974 potuit
1185 895 1305 950 auctor
1323 905 1444 952 vocem
1462 906 1565 952 seusu
1584 887 1688 972 plane
1709 905 1794 956 eou-

385 1007 526 1073 trariam
546 1003 744 1088 adjungere.
777 994 933 1079 quamvis
951 999 1042 1062 enim
1062 996 1129 1060 hoc
1150 995 1194 1058 ab
1212 991 1362 1056 Salustio
1382 1012 1454 1057 non
1482 993 1652 1078 alienum,
1682 1016 1792 1082 oppo-
1814 1043 1829 1063 .

382 1114 449 1178 sita
468 1111 567 1174 nulla
586 1109 820 1196 intercedente
845 1100 1016 1188 particula
1035 1119 1259 1186 componere,
1283 1099 1350 1162 hoc
1371 1106 1485 1163 tamen
1509 1099 1642 1162 dictum
1661 1111 1712 1166 est
1731 1103 1793 1165 ab·

382 1218 534 1302 ruptius,
554 1225 588 1280 et
606 1215 660 1279 vis
678 1210 855 1297 particulae
877 1229 945 1290 que
964 1215 1055 1272 recte
1076 1205 1237 1291 explicita
1257 1225 1321 1270 uos
1335 1205 1494 1268 dubitare
1504 1225 1576 1269 non
1587 1206 1687 1292 sinit,
1706 1209 1792 1292 quin

385 1320 477 1390 lassi
495 1323 539 1386 ab
560 1322 636 1405 ipso
657 1327 796 1381 auctore
815 1314 968 1400 positum
988 1313 1043 1376 sit.
1065 1312 1103 1374 id
1125 1331 1230 1395 quam
1250 1311 1352 1377 facile
1372 1309 1412 1374 in
1434 1305 1526 1375 laeti
1544 1310 1671 1375 mutari
1690 1324 1793 1398 posu.

385 1430 468 1512 erit,
496 1446 598 1492 nemo
625 1445 696 1488 nou
724 1420 903 1505 intelligit,
931 1437 1009 1481 cum
1036 1417 1184 1482 maxime
1208 1419 1282 1482 hec
1301 1436 1369 1482 vox
1395 1415 1507 1480 rarius
1526 1429 1692 1488 occurrat.
1719 1419 1792 1499 jam
1844 1435 1846 1440 ·

387 1535 483 1616 quod
510 1531 642 1613 dicrmt,
660 1531 751 1592 hanc
773 1525 963 1610 iwioaoya'ar
990 1521 1028 1586 iu
1047 1522 1196 1586 Salustio
1222 1541 1296 1586 non
1314 1521 1503 1607 ferendam,
1520 1523 1671 1606 primum
1692 1525 1730 1590 in
1750 1546 1794 1594 so

387 1645 521 1722 errant,
542 1636 636 1717 quod
646 1629 746 1724 sessi
762 1627 921 1712 lassique
939 1630 1084 1692 eandem
1101 1627 1174 1691 rim
1184 1629 1312 1692 habere
1331 1635 1494 1712 statuunt,
1514 1623 1678 1694 differunt
1688 1631 1794 1717 enim,

386 1740 521 1808 etiamsi
541 1742 635 1803 haud
656 1737 787 1817 ubique
808 1735 994 1798 discrimen
1014 1732 1117 1797 facile
1137 1733 1425 1819 cognoscitur;'ut
1445 1733 1538 1798 enim
1557 1755 1699 1819 corpora
1708 1733 1793 1826 ses·

385 1869 439 1924 sa,
460 1847 509 1910 ita
524 1828 633 1910 animi
659 1839 751 1906 lassi
774 1840 898 1924 sapius
923 1839 1096 1904 dicuntur.
1127 1838 1189 1908 cfr.
1210 1841 1344 1904 Lucret.
1358 1842 1388 1903 6.
1403 1843 1491 1917 1246.
1520 1836 1684 1904 lacrimis
1703 1839 1795 1906 lassi

387 1955 563 2034 luctuque
581 1944 761 2013 redibant.
782 1943 872 2009 Plin.
885 1948 935 2026 ³7·
952 1968 979 2008 ι.
1008 1947 1126 2007 lassus
1156 1939 1303 2010 assiduo
1330 1943 1480 2034 gaudio.
1509 1947 1644 2010 Terent.
1663 1945 1794 2010 Andria

387 2081 416 2120 s.
433 2079 460 2120 ι.
472 2071 503 2132 4.
524 2049 669 2119 animus
690 2053 827 2135 rasim,
856 2072 948 2114 cura
975 2044 1177 2139 confectus.
1204 2051 1266 2113 sed
1286 2051 1398 2114 Plaut.
1427 2051 1521 2116 Asin.
1535 2053 1563 2116 3.
1579 2069 1608 2114 s.
1623 2053 1670 2114 ²3.
1691 2055 1792 2115 etiam

389 2163 493 2227 dixit:
513 2150 631 2224 lassus
650 2177 758 2241 opere
771 2151 965 2242 faciundo.
983 2155 1126 2241 accedit,
1145 2158 1241 2239 quod
1260 2155 1530 2239 insequentibus
1539 2153 1637 2222 nisit
1648 2155 1794 2246 langui·

392 2266 432 2333 di
448 2287 563 2349 neque
574 2257 719 2328 remissi
735 2261 838 2346 dixit,
857 2281 933 2344 quae
952 2263 1057 2326 verba
1068 2261 1344 2328 antecedentium
1352 2262 1424 2325 vim
1435 2262 1561 2327 iterum
1572 2263 1747 2347 excipiunt
1761 2272 1795 2329 et

392 2373 599 2458 exprimunt.
619 2368 711 2433 Livii
721 2377 834 2432 autem
844 2368 959 2454 locus,
979 2389 1083 2452 quem
1098 2368 1255 2453 laudant,
1272 2389 1321 2430 aa.
1333 2371 1362 2431 6.
1383 2363 1582 2457 cumsessis
1590 2369 1793 2457 pugnando

278 2460 282 2473 „
389 2473 565 2560 hostibus,
586 2481 663 2537 tum
686 2469 842 2538 statoria
857 2470 975 2559 laetis,
995 2482 1129 2537 tantum
1148 2475 1264 2556 abest,
1280 2481 1319 2536 ut
1330 2472 1473 2538 illorum
1492 2473 1697 2538 sententiam
1711 2478 1795 2540 coir-

388 2582 512 2664 firmct,
531 2590 570 2643 ut
585 2579 701 2663 potius
721 2562 934 2644 contrarium
954 2581 1085 2644 doceat.
1112 2575 1210 2642 nihil
1227 2573 1398 2667 languit&
1414 2576 1699 2661 aequaremini.
1715 2580 1795 2644 vide

388 2685 481 2751 inira
499 2703 570 2769 cup.
584 2684 635 2750 88.
655 2679 752 2746 nihil
769 2685 871 2767 apud
887 2700 924 2748 se
952 2669 1157 2766 remissum,
1183 2703 1299 2764 neque
1322 2683 1426 2766 apud
1445 2679 1543 2748 illos·
1556 2689 1678 2748 tutum
1700 2681 1794 2768 pati.

382 2772 557 2856 ammian.
570 2791 673 2853 Marc.
686 2791 732 2850 16.
755 2810 802 2852 ιο.
822 2785 1053 2874 praeliorum
1076 2787 1192 2852 ardor
1220 2783 1318 2851 nihil
1335 2785 1483 2872 perpeti
1505 2796 1661 2872 poterat
1677 2810 1796 2878 segne,

366 2967 369 2973 ,
391 2900 471 2962 Gaes.
479 2899 515 2958 B.
521 2895 591 2959 civ.
601 2916 628 2958 1.
637 2916 685 2962 ar.
697 2891 848 2959 remisso
857 2916 903 2958 ac
911 2889 1088 2983 languido
1100 2889 1224 2958 animo
1235 2913 1318 2957 esse.
1341 2893 1389 2957 id.
1403 2915 1433 2958 a.
1449 2910 1495 2970 14.
1507 2895 1637 2979 hostes,
1657 2893 1796 2960 nostris

269 3029 270 3034 ¹
390 2996 649 3091 languentibus
670 3007 781 3081 atque
801 2995 926 3067 animo
947 2993 1117 3072 remissis.
1137 3000 1258 3067 Horat.
1271 3001 1354 3085 Epp.
1371 3019 1398 3068 t·
1414 3005 1462 3065 ιθ.
1475 3021 1525 3080 9⁰·
1547 3001 1704 3065 oderunt
1718 2997 1796 3089 cgi-

388 3109 456 3170 Iem
476 3127 706 3193 gnarumque
726 3101 877 3169 remissi.
894 3141 936 3156 -
954 3107 1049 3169 velut
1077 3103 1199 3168 hostes
1219 3106 1424 3172 adventare.
1453 3109 1526 3170 haec
1546 3105 1703 3169 omnium
1723 3103 1796 3169 fere

386 3211 558 3274 librorum
576 3210 680 3274 lectio
702 3229 773 3273 esse
792 3205 945 3292 videtur,
975 3229 1017 3272 eo
1039 3211 1206 3292 notanda,
1238 3215 1332 3291 quod
1359 3219 1438 3296 post
1463 3213 1558 3276 velut
1583 3209 1710 3279 infinit,
1729 3230 1795 3294 pro

389 3315 609 3397 conjunctivo
630 3313 761 3398 positus
782 3323 841 3380 est.
875 3333 953 3396 quae
973 3312 1114 3394 quidem
1135 3323 1316 3400 structura,
1341 3337 1363 3380 a
1389 3315 1524 3402 vulgari
1544 3335 1607 3379 usu
1626 3315 1795 3398 loquendi

387 3420 491 3502 plane
511 3421 688 3496 abhorret;
709 3439 815 3504 quare
836 3440 913 3483 cum
931 3417 1101 3484 Salustius
1120 3419 1198 3483 aliis
1219 3419 1305 3485 locis
1324 3425 1423 3487 velut
1443 3423 1517 3486 sine
1534 3423 1641 3487 verbo
1661 3421 1796 3499 adjecto

389 3523 621 3604 usurpaverit,
655 3532 744 3586 recte
768 3524 904 3588 Cottius
923 3534 1070 3590 statuere
1088 3509 1245 3602 ridetur,
1276 3529 1471 3592 adventare
1490 3528 1534 3591 ab
1555 3527 1668 3592 aliena
1688 3545 1794 3598 manu

390 3647 461 3692 esse
472 3625 684 3710 appositum.
697 3629 783 3689 ¹Tacs
797 3629 886 3692 Hist.
899 3634 928 3692 3.
945 3649 992 3692 ιο.
1014 3638 1051 3695 et
1071 3625 1137 3692 cisi
1151 3631 1290 3710 procul
1307 3626 1494 3696 sociorum
1515 3631 1652 3716 equites
1665 3651 1793 3694 canam

380 3727 642 3822 formidinem,
661 3739 704 3796 ut
724 3733 861 3818 hostes,
873 3729 1012 3824 fecere.
1031 3737 1091 3799 sed
1112 3737 1179 3798 hoc
1190 3736 1332 3798 verbum
1345 3737 1564 3822 exquisitius,
1583 3757 1686 3819 quam
1701 3737 1796 3818 quod
1855 3781 1859 3796 .

389 3835 525 3896 librarii
538 3837 716 3901 inventum
737 3837 874 3902 dixeris.
895 3841 981 3921 quid
1001 3840 1094 3905 enirn
1116 3849 1198 3924 erat,
1218 3846 1313 3923 quod
1330 3843 1399 3908 hoc
1413 3843 1633 3929 adjiceretur,
1653 3863 1731 3908 cum
1741 3844 1797 3908 iu·

389 3937 525 4002 finitive
546 3942 673 4006 omisso
693 3963 810 4012 sensus
830 3944 1016 4010 facillimus
1037 3949 1148 4009 esset?
1168 3955 1200 4008 et
1222 3947 1415 4012 infinitivus
1436 3929 1494 4012 aut
1514 3947 1598 4013 inde
1619 3958 1715 4012 ortus
1735 3955 1795 4030 est,

351 4089 353 4094 -
388 4048 484 4129 quod
503 4043 630 4114 infinit.
650 4048 834 4112 historicus
854 4049 1025 4134 sequitur,
1046 4059 1105 4113 aut
1119 4051 1315 4114 Graecorum
1336 4055 1492 4137 exemplo
1506 4057 1574 4119 hoc
1587 4029 1719 4117 dictum
1731 4063 1796 4136 est,

386 4153 449 4215 uhi
480 4151 518 4216 in
546 4151 703 4216 oratione
729 4153 872 4250 cbliqua
901 4153 1093 4218 infinitivus
1119 4175 1238 4219 omncs
1267 4152 1526 4236 conjunctiones
1545 4160 1711 4242 sequitur.
1733 4159 1793 4222 cfr.

286 4281 290 4290 ⁴
386 4257 503 4342 Viget.
518 4261 578 4321 Ed.
601 4261 715 4324 Herm.
734 4282 771 4344 p.
785 4264 845 4324 aod
860 4267 893 4326 et
905 4264 976 4344 7⁴⁵·
996 4258 1110 4346 alteri
1128 4261 1231 4344 apud
1248 4263 1397 4328 alteros.
1410 4266 1796 4332 haercrborumstruc-
