4106 4974
407 383 480 460 ποθ
529 341 545 362 l

397 581 513 667 Quare
533 575 584 642 ita
603 569 741 652 nano,
758 563 946 630 Salustium
965 564 1108 648 quidem
1138 563 1190 628 de·
1206 560 1378 628 industria
1401 559 1573 627 Ciceronis
1592 559 1712 628 laudes
1732 583 1805 630 non

399 679 627 748 imminuisse.
665 673 747 757 sed,
765 671 849 755 quia
866 670 946 737 rite
973 669 1048 751 ejus
1066 668 1216 733 rationes
1241 689 1262 732 a
1283 667 1459 734 Ciceronis
1477 668 1601 732 studiis
1621 669 1726 754 plane
1746 673 1807 734 ab.

377 801 383 818 ·
402 788 610 868 horrebant,
637 779 747 844 multa
766 797 839 841 non
858 775 941 842 satis
970 774 1178 860 illustrasse,
1210 793 1290 856 quoe
1305 772 1480 840 denonis
1497 774 1717 858 potissimum
1735 775 1807 840 vir.

401 901 475 962 tute
494 899 598 974 atque
615 882 764 954 consilio
781 883 873 948 beno
891 885 1089 968 gestarunt.

801 1061 1408 1110 ψ

397 1333 525 1420 Pauca
549 1339 597 1417 de
621 1337 746 1417 forme
769 1333 888 1445 hujus
916 1335 1008 1414 libri
1032 1349 1072 1413 et
1096 1333 1145 1414 dc‘
1171 1334 1362 1452 oratione,
1387 1325 1466 1441 qua
1490 1358 1581 1418 auus
1604 1351 1660 1413 est
1682 1335 1808 1415 Salus-

1062 1487 1147 1562 tius
1447 1477 1453 1494 '

403 1743 416 1758 ,,
479 1685 531 1750 De
551 1683 663 1752 forma
681 1681 900 1750 brevioribus
920 1681 1022 1750 nobis
1043 1701 1115 1750 esse
1135 1681 1232 1762 licet,
1253 1701 1332 1748 cum
1353 1689 1388 1746 et
1405 1681 1553 1748 auctoris
1566 1682 1748 1748 oonsilimn
1762 1665 1810 1748 sit'

399 1790 640 1876 manifestum,
659 1799 692 1857 et
709 1790 783 1872 jam
802 1808 904 1875 supra
924 1793 989 1854 bac
1010 1794 1053 1857 de
1073 1811 1112 1856 re
1130 1788 1249 1876 paucis
1267 1788 1312 1852 sit
1333 1789 1532 1874 expositum.
1563 1787 1717 1851 Primum
1738 1779 1810 1874 igi·¹

399 1905 458 1975 tur
477 1899 545 1960 lroc
566 1896 740 1961 neminem
761 1896 870 1982 lugit,
899 1897 1085 1961 Salustium
1106 1916 1179 1960 non
1198 1894 1413 1978 acquiescere
1433 1893 1472 1958 in
1493 1913 1554 1980 eo,
1584 1902 1623 1958 nt
1649 1902 1808 1979 enamet,

401 2001 489 2096 quid
509 2012 623 2066 actum
643 2011 703 2066 aut
724 2001 855 2067 dictum
875 2002 937 2087 sit,
956 2005 1017 2067 sed
1038 2001 1142 2066 etiam
1164 2003 1347 2083 quomodo.
1377 2003 1469 2088 Quas
1484 1999 1593 2086 igitur
1605 1999 1720 2064 Cicero
1735 2000 1810 2078 bis·

400 2109 499 2174 toriae
518 2109 613 2194 leges
632 2128 704 2173 esse
722 2108 858 2194 statuit,
879 2117 918 2172 ut
936 2107 1091 2193 primum
1112 2105 1268 2192 consilia,
1288 2105 1417 2172 deinde
1435 2114 1531 2170 actus
1550 2113 1731 2170 eleventur
1751 2124 1811 2169 er-

401 2223 598 2300 ponantur,
618 2216 680 2277 bas
700 2215 838 2300 regulas
856 2214 961 2279 etiarn
980 2211 1147 2281 Salustius
1173 2218 1306 2276 secutus
1327 2220 1387 2282 est.
1429 2214 1518 2276 Nam
1538 2219 1572 2275 et
1592 2212 1636 2275 de
1655 2207 1811 2274 consiliis

402 2317 592 2404 significat,
610 2319 697 2403 quid
716 2320 859 2404 probet,
880 2327 913 2384 et
933 2319 972 2382 in
993 2321 1095 2384 rebus
1115 2316 1219 2406 gestis
1238 2316 1408 2402 declarat,
1431 2335 1501 2402 qna
1520 2314 1656 2381 ratione
1674 2314 1810 2398 aliquid

399 2417 603 2510 actum'sit,
636 2433 669 2489 et
695 2423 734 2489 in
763 2445 879 2490 rerum
904 2425 1084 2490 eventibus
1112 2423 1314 2490 enarrandis
1341 2441 1460 2488 omnes
1482 2441 1598 2486 causas
1616 2422 1673 2488 rel
1693 2439 1809 2508 casus,

400 2529 674 2615 velsapientiae,
691 2529 748 2592 rel
769 2529 972 2616 temeritatis
991 2531 1148 2614 explicat.
1177 2533 1245 2596 Sed
1271 2528 1456 2593 bominum
1484 2528 1638 2613 ipsorum
1658 2547 1730 2592 non
1755 2547 1813 2593 so-

402 2623 479 2696 lum
499 2650 551 2694 res
571 2641 697 2716 gestas,
718 2635 775 2695 sed
795 2634 899 2696 etiam
919 2633 984 2715 qui
1001 2632 1152 2698 iamaac
1171 2633 1355 2700 nobilitate
1375 2633 1563 2720 excellunt,
1584 2637 1627 2697 de
1646 2615 1814 2716 cujusque

403 2735 600 2819 vitantque
619 2744 740 2799 natura
760 2735 911 2822 exponit.
950 2737 1026 2800 Hoc
1046 2737 1156 2823 igitur
1185 2737 1223 2802 in
1244 2738 1443 2804 universum
1461 2743 1507 2804 ad
1526 2737 1714 2818 sermonis,
1740 2759 1813 2822 quo

401 2841 587 2933 historicos
607 2842 660 2908 uti
680 2845 794 2930 decet,
826 2842 995 2907 rationem
1017 2842 1176 2928 pertinet.
1209 2834 1280 2908 Sed
1297 2843 1369 2910 heo
1390 2867 1468 2908 amn
1489 2845 1630 2932 ingenio
1651 2853 1685 2910 et
1704 2844 1814 2910 soler-

401 2944 452 3025 tia
469 2949 555 3014 fiant
575 2958 734 3037 oportet,
762 2957 802 3013 ut
820 2948 966 3034 scriptor
984 2948 1088 3014 lande
1111 2949 1237 3034 dignus
1256 2949 1311 3012 sit.
1349 2951 1418 3014 Sed
1439 2950 1687 3016 dccirtutibus
1707 2959 1741 3014 et
1758 2949 1814 3014 ri·
1845 3001 1847 3004 .

401 3055 461 3132 tiis
481 3057 649 3142 orationis
669 3055 870 3122 Salustianae
891 3055 930 3120 in
951 3055 1042 3120 calce
1064 3053 1149 3118 libri
1166 3053 1359 3120 accuratius
1379 3055 1627 3141 disputabitur,
1646 3055 1812 3140 hocloco,

404 3159 526 3223 ceteris
543 3162 692 3245 ‚omissis
714 3182 754 3226 ea
775 3171 909 3227 notasse
929 3162 1010 3226 satis
1025 3163 1155 3243 babeo,
1177 3181 1253 3244 que
1273 3163 1317 3224 ad
1325 3161 1599 3242 conjurationem
1609 3160 1814 3226 catilinari-

402 3283 460 3328 arn
480 3265 773 3348 pertinentiam
793 3285 849 3329 eas
869 3266 1115 3328 sententiarum
1136 3267 1281 3352 figuras,
1302 3287 1387 3348 quas
1402 3268 1542 3332 Salustii
1562 3267 1719 3354 proprias
1737 3285 1815 3332 reo-

402 3369 607 3455 ‚tedixeris,
627 3371 666 3436 in
684 3372 752 3434 boc
771 3369 865 3434 libro
886 3367 1137 3450 frequentiores
1157 3370 1262 3434 etiam
1282 3391 1370 3457 esse,
1389 3373 1693 3459 quaminceteris,
1711 3363 1814 3459 supra

405 3479 458 3548 est
478 3475 660 3546 monitum.
681 3473 743 3535 cir.
761 3474 891 3556 praefat.
912 3473 1076 3556 Quamvis
1097 3474 1190 3538 enim
1211 3495 1253 3540 ex
1271 3477 1496 3543 historiarum
1514 3479 1617 3544 libris
1630 3481 1745 3546 multae
1759 3481 1816 3544 lo-

403 3575 602 3654 cutionesa
623 3575 856 3661 grammaticis
876 3561 1027 3655 antiquis
1048 3576 1245 3663 laudantur,
1275 3601 1421 3662 quarum
1448 3605 1561 3668 neque
1580 3586 1620 3651 in
1642 3585 1827 3671 Catilina,¹

402 3705 517 3771 neque
538 3684 578 3749 in
597 3683 769 3770 iugurtha
789 3681 902 3746 ullum
921 3673 1104 3768 vestigium
1126 3684 1380 3774 deprehendas,
1411 3698 1526 3756 tamen
1546 3691 1586 3756 in
1606 3691 1818 3774 conjuratio-

397 3793 554 3870 ‚neCatil
567 3809 680 3858 sermo
692 3791 804 3856 multo
820 3787 1002 3875 abruptior
1016 3797 1049 3853 et
1060 3787 1253 3854 luminibus
1271 3795 1519 3860 sententiarum
1538 3797 1736 3862 exornatior
1753 3804 1816 3870 est,

403 3896 559 3978 ataleni
577 3907 612 3963 et
627 3899 791 3982 aequabili
806 3895 973 3962 orationis
985 3903 1111 3980 tractu,
1133 3893 1195 3976 qui
1214 3895 1253 3959 in
1273 3898 1443 3985 iugurtha
1462 3911 1535 3993 est,
1548 3903 1654 3989 longe
1672 3901 1815 3974 recedit.

398 4003 452 4068 lu
479 4001 703 4084 antiquorum
733 4001 978 4068 historicorum
1011 4009 1044 4064 et
1065 4003 1204 4066 Catonis
1219 4001 1410 4086 inprimum
1423 4008 1542 4073 stilum
1553 4008 1742 4074 Salustium
1755 4027 1818 4074 aar·

401 4109 481 4197 pius
511 4107 704 4174 orationem
738 4108 969 4172 conformasse
1003 4107 1040 4171 in
1069 4109 1224 4173 confesso
1254 4117 1315 4172 est.
1356 4112 1423 4178 Sed
1445 4124 1580 4200 errant,
1607 4115 1670 4198 qui
1689 4135 1733 4180 ex
1758 4114 1817 4179 his

401 4215 558 4283 sontibus
579 4212 783 4283 brevitatem
803 4213 903 4281 illam
921 4221 1091 4302 repetunt.
1109 4214 1175 4279 Jlli
1195 4213 1307 4303 enim,
1329 4220 1543 4305 utpraeelare
1564 4221 1710 4306 Cicero,
1731 4223 1816 4284 dum
