4108 4976
1596 423 1671 520 319

267 621 302 677 et
322 615 481 693 quadam·
498 609 697 676 horridiora
714 610 829 674 verba.
870 611 945 672 Imo
972 609 1104 676 duritas
1132 613 1289 690 quednn
1323 617 1426 696 atque
1453 617 1614 682 severitas
1641 629 1675 686 et

268 719 367 805 quasi
382 717 541 784 moestitia
550 717 664 800 verbis
684 716 785 780 inest.
806 719 867 778 sed
887 715 1029 800 fervida,
1050 715 1181 801 rapida,
1200 719 1234 782 et
1254 715 1395 803 furiosa,
1412 719 1512 799 qnasi
1532 703 1674 810 torrens,

264 823 374 888 fertur
396 823 518 888 oratio.
559 805 722 894 Sermone
752 823 846 888 enim
873 823 924 886 ita
950 823 1140 907 composito
1174 831 1276 904 atque
1305 822 1519 888 conformato
1544 828 1676 912 optime
1764 857 1766 863 2

267 928 478 1016 effinguntur
507 929 610 992 Marii
632 949 745 994 morea
764 937 868 1010 atque
888 937 1020 992 natura.
1061 930 1247 992 Amorum
1267 928 1361 990 enirn
1379 928 1606 996 sanctimonia
1624 944 1676 998 at-

265 1055 334 1118 que
353 1054 518 1121 generosa
537 1035 682 1120 virute,
704 1055 780 1117 ques
800 1033 840 1097 in
859 1052 985 1121 magno
1005 1033 1069 1098 illo
1089 1032 1233 1110 homine
1252 1042 1341 1116 erat,
1362 1032 1471 1114 major
1489 1036 1598 1100 animi
1609 1038 1680 1103 im·

265 1149 364 1225 petus
386 1159 460 1202 non
481 1139 655 1204 abhorret.
695 1139 936 1204 Innocentium
957 1139 1051 1204 enirn
1071 1123 1440 1223 hominum,'qnorum
1460 1141 1596 1206 animus
1615 1164 1677 1209 ne.

266 1263 334 1326 que
353 1242 498 1326 libidini
521 1246 707 1328 obnoxius,
730 1254 764 1310 et
781 1246 883 1332 culpi
903 1265 1045 1330 vacuus,
1064 1244 1211 1309 liberior
1238 1250 1272 1308 et
1301 1244 1477 1308 ardentior
1497 1246 1584 1310 solet
1604 1266 1676 1312 esse

268 1350 389 1418 oratio.
431 1351 578 1416 Accessit
597 1351 865 1435 atrocissimum,
890 1369 960 1433 quo
984 1349 1114 1413 Marius
1131 1349 1300 1434 flagravit,
1326 1347 1519 1414 nobilitatis
1539 1351 1676 1437 odium,

267 1463 302 1520 et
323 1458 418 1538 quod
438 1466 476 1519 ut
497 1457 719 1544 frugalitatis,
747 1458 796 1522 ita
817 1458 967 1540 antiquae
990 1456 1188 1544 rusticitatis
1214 1454 1281 1521 fuit
1305 1453 1552 1519 ‘tenacissimua
1592 1459 1676 1542 Quae

268 1559 410 1641 quidem
432 1562 563 1647 omnia,
590 1563 621 1626 si
646 1583 720 1628 rem
737 1543 930 1628 ¹accuratius
951 1549 1216 1646 examinaveris,
1242 1569 1276 1624 et
1295 1561 1335 1624 in
1355 1559 1602 1626 sententiarum
1621 1581 1678 1626 ra·

269 1665 364 1730 tione
384 1676 418 1730 et
439 1667 476 1730 in
498 1669 683 1732 verborum
703 1670 838 1734 delectu
859 1688 1015 1752 expressa
1033 1687 1105 1732 esse
1125 1666 1290 1728 invenies.

348 1774 428 1856 Cap.
449 1775 623 1842 LXXXVI.
651 1771 817 1856 aliisque.
845 1794 913 1855 que
933 1792 1001 1834 om.
1027 1775 1101 1838 Vat.
1125 1789 1155 1833 a.
1182 1770 1221 1833 in
1240 1771 1330 1832 Med.
1349 1791 1376 1832 ι.
1400 1791 1444 1832 m.
1457 1787 1523 1835 sec.
1543 1772 1679 1850 adjecit.

267 1875 464 1940 Manlium.
493 1882 642 1942 eundem
662 1876 847 1939 Manilium
874 1875 958 1938 dicit
971 1873 1061 1936 Plin.
1077 1876 1121 1936 Η.
1142 1879 1182 1942 N.
1195 1879 1245 1940 33.
1262 1876 1291 1942 6.
1323 1871 1443 1958 capite
1463 1897 1598 1943 censos.
1618 1879 1677 1944 cir.

268 1979 358 2042 Gell.
376 1983 423 2042 16.
444 2001 492 2044 ιο.
529 1989 672 2046 auctus.
699 1981 831 2046 scilicet
858 1980 1060 2045 honoribus.
1078 1979 1165 2065 -pari
1189 1984 1294 2043 modo
1321 1981 1403 2064 Nep.
1414 1983 1518 2044 Phoc.
1545 1991 1677 2047 auctus

268 2079 490 2182 adjutusque
516 2107 540 2148 a
571 2087 823 2151 Demosthene.
854 2086 913 2154 cfr.
934 2085 1003 2150 Cic.
1022 2087 1223 2170 Epp.7.17.
1248 2105 1294 2148 ne
1317 2082 1456 2148 uideret
1476 2107 1529 2162 eu.
1550 2107 1677 2170 prono-

268 2207 348 2250 men
369 2191 689 2277 demonstrativum‚
709 2195 804 2274 quod
827 2193 983 2256 Gortium
1004 2187 1169 2274 offendit,
1198 2209 1317 2256 omnes
1336 2188 1421 2252 libri
1441 2198 1589 2254 tuentur.

348 2296 429 2377 Cap.
448 2297 638 2361 LXXXVII.
660 2305 843 2362 onustum.
873 2297 896 2362 i.
918 2318 946 2362 e.
966 2299 1132 2384 plenum..
1149 2297 1228 2361 Tac.
1243 2297 1330 2362 Ann.
1346 2312 1394 2356 ra.
1413 2297 1459 2358 15.
1476 2297 1678 2380 pharetrae

260 2385 425 2462 ¹onustae
436 2395 529 2464 telis.
547 2402 656 2466 Plaut.
677 2404 753 2466 Aul.
768 2421 797 2482 4.
815 2421 843 2467 a.
863 2425 910 2468 ιο.
932 2408 1057 2472 aulam
1079 2405 1251 2472 onustam
1272 2398 1368 2468 auri.
1387 2400 1494 2464 hiran
1508 2421 1562 2485 ap.
1572 2402 1677 2465 Prisc.

273 2522 321 2566 ιο.
339 2505 409 2585 879.
432 2515 604 2572 onustum
621 2517 751 2593 pectus
763 2519 880 2596 porto
902 2507 1059 2578 laetitia.
1080 2532 1121 2576 cx
1140 2512 1284 2596 antiquo
1305 2509 1414 2598 igitur
1432 2529 1588 2574 sermone
1612 2511 1678 2573 boc

267 2609 415 2692 petitum
435 2632 509 2677 esse
529 2614 676 2678 videtur.
698 2613 822 2680 omnia
843 2613 896 2682 ihi
915 2626 1036 2702 capta.
1058 2613 1111 2681 ihi
1127 2618 1166 2680 in
1183 2617 1280 2690 Eicb.
1302 2637 1346 2678 m.
1369 2625 1493 2680 recent.
1515 2635 1618 2704 snper
1634 2613 1679 2677 ti-

202 2723 206 2731 '
260 2725 369 2777 ‘neam
390 2717 535 2802 scripsit.
558 2717 635 2785 alia
658 2717 759 2787 levia.
778 2725 851 2788 haec
873 2725 1127 2807 transponenda
1148 2741 1220 2788 csse
1235 2721 1308 2799 jam
1328 2722 1462 2806 priores
1476 2723 1678 2805 interpretes

209 2827 214 2838 ·
269 2819 446 2906 viderunt,
474 2828 535 2888 sed
563 2845 607 2888 ne
637 2848 726 2890 unus
754 2830 896 2908 quidem
919 2828 1011 2890 liber
1035 2846 1154 2890 verum
1183 2827 1342 2890 ordinem
1363 2845 1512 2890 servasse
1530 2825 1677 2888 videtur.

272 2921 357 3006 capi
376 2935 444 2990 out
467 2927 594 2992 occidi.
615 2932 690 2992 Vat.
706 2933 734 2991 5.
750 2930 918 3010 patriam
935 2939 1188 3013 parentesque.
1209 2919 1299 2993 hanc
1313 2930 1496 2996 formulam
1517 2929 1556 2990 in
1577 2930 1683 2992 rebus.

270 3028 405 3092 bellicis
425 3029 692 3098 'usitatissimam
728 3033 786 3096 hic
813 3013 928 3096 alieno
948 3034 1026 3095 loco
1048 3042 1167 3095 auctor
1187 3034 1344 3097 intulisse
1364 3035 1510 3098 videtur.
1536 3034 1614 3096 vide
1633 3037 1678 3096 ad

272 3133 342 3198 Cat.
363 3138 393 3196 6.
415 3131 558 3200 divorsi.
580 3137 639 3204 cir.
663 3141 733 3200 Cat.
752 3154 780 3201 a.
801 3137 855 3200 sie
875 3138 1091 3224 Jugurthae
1105 3134 1261 3219 placuit.
1284 3141 1387 3201 codd.
1418 3136 1640 3202 Taurinensis
1658 3161 1678 3202 a

272 3240 311 3304 V.
331 3240 709 3326 CLAmedeoPeyrone
730 3244 884 3307 collatus.
906 3237 1029 3306 laxius
1049 3238 1289 3326 licentiusque
1298 3239 1469 3334 futuros.
1490 3253 1580 3308 recte
1595 3247 1678 3308 Cor-

169 3389 172 3396 .
272 3343 339 3406 tius
361 3339 484 3408 laxius
504 3345 758 3432 interpretatur,
788 3349 849 3434 qui
869 3347 1000 3412 laxiore
1021 3346 1169 3431 imperio
1189 3349 1370 3416 habentur.
1392 3349 1592 3413 adverbium
1612 3373 1683 3436 pro.

270 3447 438 3526 adjectivo
459 3452 620 3536 positum,
641 3461 679 3516 ut
698 3456 821 3540 sapius
841 3457 932 3539 apud
948 3454 1145 3518 Salustium.
1176 3453 1235 3518 cir.
1259 3475 1362 3539 supra
1379 3475 1450 3541 cap.
1468 3471 1515 3532 14.
1537 3465 1580 3519 ut
1601 3457 1679 3523 ubi·

270 3549 378 3617 uis-
394 3552 512 3618 tutius
532 3578 651 3625 essem.
674 3580 746 3644 cap.
762 3563 811 3624 85.
832 3557 887 3624 ita
898 3555 975 3649 fui.
998 3563 1086 3626 addc
1098 3583 1127 3624 c.
1144 3577 1189 3637 ι4.
1202 3570 1236 3626 et
1248 3566 1300 3628 δι.
1318 3570 1352 3628 et
1372 3582 1524 3647 capaeq.
1541 3558 1678 3645 ,quid-

274 3669 408 3724 contra
427 3671 527 3723 esset.

352 3767 431 3846 Cap.
452 3767 658 3830 LXXXVIII.
680 3765 795 3833 armis
815 3778 977 3838 exuerat.
999 3773 1106 3836 dictio
1127 3773 1165 3834 ln
1187 3792 1223 3835 re
1245 3769 1389 3832 militari
1408 3768 1488 3831 satis
1507 3767 1683 3854 frequen&

274 3888 359 3951 quae,
383 3878 420 3931 ut
444 3873 555 3934 multa
573 3873 759 3959 ejusmodi,
780 3875 968 3952 jactantior
993 3884 1051 3939 est.
1093 3875 1270 3958 Significat
1291 3873 1383 3936 enim
1413 3874 1547 3936 bostem
1576 3893 1677 3959 supc-
1778 3879 1780 3884 ’

273 3995 370 4058 rare,
386 3975 434 4038 ita
454 3987 492 4039 ut
513 3979 616 4042 armis
637 3979 777 4058 abjectis
799 3980 943 4043 salntem
965 3979 1003 4042 in
1023 3980 1105 4064 fuga
1126 3986 1264 4059 quaerat·
1287 3975 1345 4039 cfr.
1364 3976 1436 4038 Liv.
1456 3993 1503 4040 aa.
1519 3997 1567 4044 ιι.
1590 3982 1672 4046 cas.

275 4081 310 4140 B.
329 4080 417 4142 Gall.
431 4086 461 4144 ³.
478 4086 506 4144 6.
528 4085 604 4166 pari
619 4065 724 4150 modo
744 4084 885 4147 dieitur:
908 4103 1029 4146 exuere
1051 4085 1150 4168 urbe,
1171 4083 1301 4166 castris,
1322 4083 1526 4168 provinciis,
1547 4085 1678 4168 praeda,
1709 4148 1715 4164 .

276 4203 358 4268 agro
380 4196 440 4249 etc.
463 4185 549 4250 belli
561 4189 751 4272 patrandi.
771 4190 850 4256 virle
871 4192 914 4252 ad
934 4188 1032 4252 Catil.
1045 4191 1074 4251 6.
1089 4210 1161 4272 pro
1183 4187 1347 4252 hostibus
1367 4196 1401 4250 et
1422 4187 1612 4250 advorsum
1625 4208 1672 4252 se.

277 4287 336 4360 cir·
356 4311 430 4376 cap.
444 4295 493 4370 64.
515 4315 684 4382 cumpro
705 4296 865 4388 horrore,⁴
883 4303 961 4362 tum
981 4301 1115 4364 contra
1135 4289 1334 4364 Metellum.
1356 4286 1442 4356 Ialso
1460 4291 1594 4360 Cottius
1600 4316 1676 4381 pru
