4106 4974
1604 413 1672 515 242

268 605 400 682 tantess
426 599 530 670 insita
547 598 753 666 mortalibus
771 602 915 684 natura,
943 610 1092 684 propere
1110 599 1226 689 sequi,
1254 617 1333 684 que
1350 603 1448 692 piget
1466 587 1640 685 inchoare
1656 627 1674 663 s

267 707 327 774 cfr.
347 708 503 794 Euripid.
523 709 667 782 Electra.
685 725 735 780 vs.
759 707 811 779 8⁰.
851 698 1044 804 2199129219
1073 702 1165 782 sidcis
1189 702 1292 784 8222212
1320 701 1597 800 1χ2221221211μ2
1609 720 1673 800 βίον

265 811 373 888 Nunti
390 805 695 900 8822192282
714 805 817 880 21222.
838 803 1002 876 videlicet
1022 804 1088 874 dis.
1108 805 1254 885 irn0Vat.
1269 831 1300 876 2.
1313 812 1608 901 812122299112112
1619 823 1675 888 vi.

265 921 432 1003 desupra
452 937 525 1004 cap.
538 939 570 999 9.
609 908 804 983 socordiae
823 922 935 996 atque
954 907 1130 1004 ignaviae·
1158 933 1234 980 soc.
1254 917 1382 982 dicitur
1400 919 1510 986 221221
1528 926 1673 1006 quidam

264 1032 386 1108 stupor
400 1031 436 1089 ct
455 1032 596 1108 torpor,
614 1020 773 1109 languor.
794 1013 978 1108 ignaviam
1000 1017 1121 1084 cicero
1141 1016 1341 1087 fortitudini
1359 1025 1516 1110 opponit.
1536 1029 1673 1100 invent.

265 1151 297 1196 s.
316 1131 366 1204 54.
387 1126 486 1192 catil.
507 1143 537 1200 2.
552 1147 600 1192 ιι.
620 1123 733 1192 animi
752 1129 788 1191 el
806 1121 980 1188 lentitudo
993 1131 1034 1190 et
1052 1123 1227 1194 mollities.
1248 1125 1297 1192 A.
1316 1127 1485 1196 Manlius
1504 1134 1672 1219 Torqua-

265 1239 337 1298 tus.
358 1235 560 1298 Prenomen
575 1233 668 1316 apud
687 1229 826 1295 livium
847 1225 969 1311 (8.8.)
989 1235 1025 1293 et
1044 1226 1244 1295 Ciceronem
1263 1230 1329 1316 (de
1344 1230 1442 1300 Offic.
1457 1240 1489 1302 8.
1511 1239 1582 1322 82.)
1610 1238 1679 1306 Υἱὲ

264 1345 326 1402 tus
346 1345 406 1405 est.
426 1336 593 1402 memoria
611 1335 728 1420 lapsus
746 1333 913 1400 Salustius
940 1332 1044 1398 illum
1072 1355 1151 1404 cum
1170 1335 1261 1400 suto
1282 1338 1416 1404 Manlio
1445 1352 1670 1414 commutasse

263 1441 410 1525 uidetur,
428 1440 492 1523 qui
511 1441 573 1504 ailo
593 1441 638 1514 U.
655 1441 691 1504 C.
712 1459 791 1506 cum
809 1437 916 1507 Furio
935 1434 1082 1506 Camillo
1103 1441 1224 1508 consul
1244 1439 1322 1518 1211.
1343 1444 1406 1518 cfr.
1426 1445 1665 1516 Diuersum

262 1559 337 1632 pag.
358 1548 429 1626 594.
468 1563 491 1609 2
510 1565 582 1628 quo
600 1544 759 1625 Veientes
784 1543 939 1612 obsessos
958 1547 1004 1612 ad
1030 1565 1151 1632 pacem
1178 1551 1363 1634 petendam
1382 1552 1578 1637 compulsos
1598 1573 1671 1622 esse

261 1651 357 1716 idern
368 1649 482 1714 tradit.
502 1652 596 1735 apud
614 1649 752 1716 Livium
771 1651 867 1718 idem
885 1653 922 1720 G.
937 1650 1090 1724 Manlius
1098 1651 1235 1716 dicitur.
1256 1641 1350 1719 bello
1367 1653 1522 1723 Gallico.
1543 1659 1668 1726 Latino

260 1755 357 1820 bello
376 1756 444 1820 hoc
463 1753 592 1820 iactum
611 1773 683 1822 2222
701 1754 821 1821 livius
839 1764 960 1820 auctor
978 1763 1039 1825 est.
1063 1756 1094 1818 8.
1114 1777 1145 1839 7.
1164 1756 1287 1820 itidem
1314 1757 1436 1823 Florns
1460 1782 1488 1835 2.
1504 1778 1552 1838 14.
1582 1766 1669 1828 Cum

259 1861 409 1926 82122112
428 1860 715 1928 sentirevidetus.
732 1861 878 1947 Dionys.
895 1859 1007 1924 Helio.
1028 1861 1120 1945 apud
1139 1875 1243 1944 quem
1264 1862 1314 1945 (8.
1329 1865 1400 1946 79.)
1420 1861 1494 1954 8Ίᾷ
1512 1868 1667 1958 ratam

259 1965 389 2054 πολέμῳ
406 1967 562 2065 speinis
581 1965 720 2036 dicitur.
740 1967 806 2032 Sed
818 1965 919 2032 Livio
932 1964 1044 2046 major
1062 1964 1158 2031 fides.
1178 1965 1292 2030 obiter
1305 1967 1398 2032 enim
1407 1969 1510 2048 hujus
1531 1972 1584 2036 rei
1594 1992 1668 2036 me.

258 2070 515 2156 minitDionya
529 2070 716 2138 Salustium
735 2078 851 2135 autem
870 2070 910 2135 in
930 2068 1274 2142 erroreminduxisse
1285 2069 1437 2154 uidetur,
1457 2076 1553 2154 quod
1565 2077 1667 2140 Man·

256 2178 327 2241 lius
345 2178 409 2241 ille
435 2194 627 2262 cognomen
656 2179 869 2258 Torquatum
896 2173 935 2238 12
962 2171 1150 2240 certamine
1177 2173 1346 2260 singulari
1373 2196 1451 2240 cum
1472 2179 1574 2243 Gallo
1596 2180 1667 2245 sibi

256 2280 402 2369 peperit.
410 2277 770 2349 luieseelertobseae.
780 2279 806 2345 i.
817 2298 848 2346 c·
861 2278 905 2344 ab
913 2278 981 2342 hoc
991 2277 1119 2342 scelere
1124 2278 1297 2348 abhorret.
1306 2288 1429 2352 cetera
1433 2301 1498 2368 pro
1506 2280 1669 2370 reliqua,

255 2385 295 2452 id
315 2388 411 2468 quod
431 2387 523 2471 apud
541 2384 729 2450 Salustium
738 2383 912 2468 frequens.
930 2377 1077 2453 iterum.
1097 2382 1226 2469 prioris
1239 2385 1333 2450 enim
1345 2386 1594 2466 conjurationis
1609 2409 1666 2454 so-

256 2491 331 2560 cius
350 2489 454 2556 121222
473 2491 621 2557 videtur.
643 2491 776 2558 bellum
791 2487 930 2576 facere.
951 2489 1056 2558 etiam
1076 2491 1152 2556 haec
1172 2509 1214 2556 ex
1228 2490 1429 2558 salustimis
1441 2493 1664 2563 dictionibus.

257 2591 415 2662 consilia
435 2595 573 2662 habere.
595 2597 620 2659 i.
638 2615 670 2666 e.
680 2595 811 2681 agitare
822 2635 834 2678 ‚
853 2593 956 2658 inire.
964 2587 1156 2684 faucibus.
1178 2595 1302 2680 sepius
1322 2597 1388 2660 hac
1408 2618 1501 2670 ,voce
1519 2599 1665 2687 figurate

254 2708 399 2766 utuntur
418 2701 613 2787 scriptores.
633 2699 694 2768 cfr.
715 2700 827 2764 Plaut.
848 2699 960 2764 Casin.
974 2699 1005 2766 5.
1018 2701 1049 2762 8.
1061 2714 1093 2775 4.
1114 2695 1312 2788 manifesto
1322 2696 1506 2792 saucibus
1526 2712 1663 2770 teneor.

254 2805 325 2870 Cic.
345 2826 410 2891 922
419 2808 554 2872 Cluent.
575 2810 627 2868 82.
648 2826 732 2870 cum
743 2798 924 2894 faucibus
939 2791 1182 2886 premeretur.
1205 2803 1268 2870 cfr.
1289 2807 1333 2869 de
1354 2807 1449 2869 Orat.
1463 2828 1489 2868 2.
1512 2809 1561 2871 52.
1586 2810 1660 2875 Val.

254 2912 345 2984 Max,
362 2912 392 2973 5.
405 2915 436 2976 8.
447 2904 629 3001 saucibus
649 2909 876 2993 apprehensa
898 2925 992 2990 resp.
1012 2905 1075 2968 alii
1095 2907 1163 2968 hoc
1183 2907 1227 2968 ad
1240 2906 1398 2971 saltuosa
1420 2910 1564 2976 Etruriae
1584 2910 1662 2976 loca

253 3015 427 3098 referunt,
446 3034 522 3096 quae
543 3010 696 3076 Catilina
715 3018 953 3096 occupaverat.
974 3007 1033 3072 cir.
1054 3006 1124 3073 Cic.
1143 3008 1203 3070 Or.
1220 3010 1292 3074 Cat.
1311 3031 1338 3072 1.
1358 3027 1390 3072 2.
1423 3015 1561 3086 ,Castra
1582 3023 1662 3078 sunt

252 3119 294 3184 in
314 3117 415 3182 Italia
427 3113 466 3180 in
473 3111 655 3188 Etruriae
663 3110 845 3206 faucibus
863 3108 1088 3182 collocata.’'
1115 3113 1176 3176 sed
1197 3111 1270 3192 ejus
1289 3111 1360 3178 loci
1381 3113 1515 3181 diversa
1536 3126 1587 3183 est
1607 3137 1662 3184 ra-

252 3225 326 3309 tio,
347 3222 430 3306 quia
448 3216 632 3299 Etruriae
650 3219 769 3284 addita
789 3227 850 3285 est.
889 3225 928 3281 ut
948 3215 1056 3302 igitur
1086 3215 1161 3280 haec
1180 3217 1402 3298 sequentibus
1425 3229 1659 3308 opponantur,

253 3326 403 3412 Italiae,
423 3325 565 3410 quodin
585 3324 767 3393 nonnullis
786 3322 890 3387 libris
907 3330 975 3400 est,
995 3322 1240 3407 apponendum
1261 3330 1343 3385 erat.
1366 3343 1452 3404 quas
1472 3325 1659 3410 29122122-

252 3453 309 3502 ces
329 3435 415 3497 Cato
436 3430 663 3516 intellexerit,
684 3429 855 3492 incertum
875 3436 936 3492 est.
956 3427 1023 3492 Sed
1044 3447 1089 3491 ne
1110 3424 1266 3490 omittam
1287 3431 1383 3509 quod
1404 3429 1659 3498 dubitationem

251 3541 426 3622 quandum
445 3555 580 3602 mouere
597 3533 720 3621 possit,
740 3533 832 3596 dicat
851 3530 998 3614 aliquis,
1019 3533 1183 3596 Catonem
1194 3550 1393 3616 comparare
1409 3536 1579 3619 populum
1590 3541 1660 3602 Ro·
1741 3559 1745 3566 ’

253 3664 394 3710 manum
423 3662 502 3708 cum
523 3639 689 3722 exercitu,
720 3639 760 3702 in
787 3635 877 3702 velle
896 3644 1041 3722 angusta
1060 3636 1208 3700 incluso.
1249 3641 1343 3717 quod
1366 3637 1397 3700 si
1417 3641 1555 3724 statuis,
1587 3661 1659 3706 222

252 3767 340 3836 opns
359 3747 448 3832 suit,
481 3754 520 3812 ut
543 3742 734 3810 accuratius
755 3743 960 3826 explicaret,
980 3737 1130 3804 ubinam
1136 3734 1275 3827 fauces
1296 3739 1497 3808 11122121222
1516 3750 1658 3827 putave-

251 3854 307 3920 rit.
336 3850 398 3916 cir.
416 3849 491 3914 liv.
518 3854 570 3932 89.
595 3853 646 3913 82.
679 3846 924 3922 ,Masinissam
944 3851 1161 3929 persecutus,
1188 3840 1227 3905 in
1251 3843 1342 3908 valle
1365 3853 1478 3930 arcta,
1500 3847 1658 3918 faucibus

251 3955 596 4040 metmenhusen,
615 3952 890 4028 inclusitf’slor.
907 3974 936 4015 ι.
950 3970 999 4012 so.
1017 3956 1045 4012 s'.
1067 3945 1220 4014 1222521
1240 3943 1327 4034 ipsis
1342 3945 1525 4038 faucibus
1544 3953 1656 4020 22512.

251 4061 409 4146 Accedit,
434 4063 529 4144 quod
538 4079 610 4142 222
631 4060 714 4124 satis
735 4056 945 4121 concinnum
965 4073 1037 4120 esse
1056 4054 1213 4140 uidetur,
1234 4056 1328 4134 quod
1347 4053 1386 4117 in
1417 4058 1584 4142 oppositis
1605 4059 1658 4126 al-.

252 4175 365 4232 terum
395 4165 589 4230 membrum
621 4184 684 4250 per
713 4171 846 4246 tropum
875 4163 919 4228 sit
945 4179 1163 4247 expressum,
1195 4162 1234 4240 in
1251 4159 1373 4229 *altero
1405 4161 1548 4247 propria
1579 4180 1658 4225 ver-

251 4272 384 4337 borum
416 4266 628 4358 significatio
662 4267 880 4349 retinentum
909 4285 1022 4351 neque
1051 4286 1115 4353 per
1145 4266 1303 4354 opposita
1321 4267 1426 4332 verba
1446 4285 1527 4332 cum
1555 4285 1657 4334 exer.
