4108 4976
1611 433 1679 527 ιιι

320 804 525 910 Quomodo
550 807 594 884 in
618 771 711 884 helli
735 802 961 912 Jugurthini
985 799 1143 880 historia
1168 801 1368 888 scribenda
1389 767 1633 889 versatussssit

880 929 1071 1004 Salustius

380 1114 427 1174 Ut
455 1113 498 1176 de
525 1106 701 1193 scriptoris
725 1105 868 1194 ingenio
892 1114 930 1170 et
946 1110 990 1171 de
1010 1105 1098 1169 tanti
1118 1104 1231 1200 operis
1250 1103 1362 1204 forma
1382 1101 1578 1200 accuratius
1568 1102 1684 1183 judi·

282 1214 374 1304 cium
393 1215 469 1298 fiat,
500 1214 652 1299 primum
673 1216 716 1278 de
739 1233 854 1276 rerum
881 1212 1051 1296 fontibus,
1082 1212 1176 1274 unde
1203 1209 1265 1272 ille
1293 1228 1355 1273 sua
1380 1184 1546 1308 hauserit,
1571 1227 1683 1305 expo-

282 1295 435 1384 nendum
461 1324 520 1382 cst.
569 1317 731 1402 Quamvis
756 1318 850 1381 enirn
876 1317 1041 1380 Salustius
1067 1316 1154 1393 belli
1173 1315 1374 1400 iugurthini
1394 1287 1683 1412 luculentissimus

282 1434 316 1486 ct
337 1423 614 1508 religiosissimus
635 1431 753 1484 auctor
772 1420 847 1500 jure
868 1441 930 1484 suo
952 1421 1180 1504 existimatur,
1208 1422 1276 1482 hoo
1299 1429 1411 1483 tamen
1432 1403 1476 1484 iis
1497 1412 1682 1514 persuasis·

281 1528 408 1592 dmum
427 1527 501 1592 sore
515 1527 655 1622 judico,
686 1527 748 1608 qui
769 1528 959 1591 accuratius
980 1509 1247 1628 cognoverunt,
1259 1543 1336 1608 quae
1358 1531 1391 1588 et
1411 1531 1538 1604 quanta
1559 1520 1597 1584 in
1616 1523 1683 1584 hoc

283 1649 387 1715 opere
406 1635 586 1696 condendo
608 1633 641 1696 ei
661 1630 789 1697 fuerint
808 1632 970 1724 subsidia.
1012 1634 1058 1692 Ut
1085 1633 1178 1694 enim
1183 1611 1374 1725 omittam,
1402 1625 1503 1689 illum
1521 1645 1585 1708 pro
1603 1644 1686 1686 con·

281 1735 356 1812 sule
405 1735 576 1800 Numidia
612 1735 834 1818 prefectum,
874 1732 1068 1816 complures
1100 1750 1210 1794 annos
1237 1732 1276 1792 in
1310 1729 1365 1792 his
1393 1730 1480 1791 locis
1513 1740 1686 1818 versatum

281 1838 403 1923 fuisse,
423 1841 486 1900 uhi
509 1839 642 1901 bellum
662 1847 794 1927 gestum
814 1836 938 1920 fuerat,
965 1838 1033 1899 hoc
1052 1834 1155 1898 etiam
1176 1853 1301 1920 magno
1322 1828 1378 1896 illi
1398 1831 1464 1894 furt
1475 1826 1686 1938 adJumento,

283 1946 377 2024 quod
398 1943 495 2004 nulla
516 1939 586 2008 fere
605 1959 659 2005 res
678 1941 836 2024 pluribus
856 1938 991 2026 scriptis
1011 1939 1181 2002 illustrata
1200 1937 1319 2002 fuerat.
1360 1939 1409 1998 Eo
1426 1935 1518 2000 enim
1532 1918 1686 2044 temp'ore

284 2065 360 2146 mos
386 2045 548 2130 invaluit,
577 2055 616 2108 ut
644 2045 769 2110 summi
793 2045 863 2108 viri
888 2065 984 2108 suam
1005 2043 1073 2133 ipsi
1092 2044 1199 2136 vitam
1230 2053 1419 2142 narrarent,
1451 2051 1484 2107 et
1509 2035 1685 2136 memorias

183 2235 189 2240 ι
282 2171 398 2216 rerum
419 2161 590 2270 gestarum
611 2152 838 2214 consulerent.
875 2153 952 2216 Non
972 2149 1084 2212 solum
1106 2147 1200 2214 enirn
1221 2151 1267 2212 Μ.
1281 2141 1448 2215 Aemilius
1460 2140 1605 2226 Scaurus
1618 2155 1686 2216 tres

281 2257 393 2320 libros
411 2259 454 2318 de
473 2255 544 2317 vita
564 2253 672 2338 ipsius
692 2265 782 2338 ncta,
815 2257 860 2320 ad
879 2257 916 2322 L.
939 2251 1110 2321 Fufidium
1138 2255 1339 2358 scripserat,
1357 2255 1433 2349 (cfr.
1393 2253 1522 2320 frCic.
1544 2256 1634 2316 Brut.
1656 2271 1686 2314 c.

285 2361 350 2444 29.)
380 2361 439 2423 sed
465 2358 567 2422 etiam
593 2361 631 2420 1.
652 2363 688 2423 P
709 2359 870 2423 Rutilius
886 2357 996 2424 nutus
1022 2371 1056 2425 et
1075 2362 1236 2426 historias
1257 2373 1290 2426 et
1319 2363 1457 2426 devita
1487 2354 1547 2422 sua
1576 2338 1685 2442 scrip·¹

197 2449 199 2456 ⁸
284 2464 338 2526 sit.
365 2463 459 2548 (vide
489 2464 638 2550 interpp.
667 2469 711 2528 ad
729 2466 840 2544 Taciti
859 2467 1105 2554 Agricolamc.
1123 2467 1165 2552 1.)
1206 2469 1361 2552 Quorum
1381 2451 1523 2549 quidem
1541 2463 1687 2547 scripto·

286 2587 362 2628 rum
388 2568 591 2634 testimoniis
611 2569 691 2634 ideo
711 2570 789 2658 plus
809 2573 1031 2639 tribuendum
1052 2579 1119 2656 est,
1138 2575 1233 2654 quod
1255 2592 1342 2667 non,
1363 2593 1440 2654 quae
1461 2571 1551 2633 fama
1571 2577 1605 2631 et
1625 2579 1687 2630 au·

285 2670 419 2738 ditione
439 2685 651 2760 acceperant,
678 2679 738 2740 sed
757 2677 882 2758 quibus
901 2677 970 2770 ipsi
989 2657 1354 2761 interfuerantrebus,
1374 2677 1412 2740 in
1434 2672 1688 2739 commentariis

286 2774 550 2841 illustraverant.
590 2783 665 2842 Imo
694 2771 738 2843 rie
765 2782 861 2844 Sulla
889 2783 1049 2865 quidem,
1084 2784 1128 2842 ad
1158 2801 1261 2870 quem
1281 2781 1356 2844 laus
1377 2775 1580 2842 atrocissimi
1599 2775 1687 2838 belli

287 2883 466 2964 compositi
486 2883 645 2966 pertinet,
664 2885 753 2945 hanc
773 2904 844 2946 rem
858 2883 998 2946 silentio
1006 2870 1260 2968 praetermisisse
1270 2885 1420 2962 videtur,
1441 2878 1569 2966 quippe
1582 2899 1687 2962 quem

288 3004 356 3047 non
375 2987 487 3052 solum
507 2985 643 3070 glorias,
670 2987 853 3052 sedetiam
874 2988 1026 3072 partium
1046 2987 1197 3050 studium
1218 2971 1375 3071 impulit,
1395 2997 1434 3046 ut
1471 2985 1588 3068 Marii,
1616 2983 1687 3046 ini-

286 3089 465 3153 micissimi
485 3089 638 3153 hominis
657 3088 746 3154 facta
765 3095 979 3174 detrectaret,
1010 3101 1043 3154 et
1064 3111 1148 3172 quas
1168 3083 1242 3176 ipse'
1262 3109 1316 3152 res
1343 3081 1504 3173 praeclare
1524 3098 1689 3174 gesserat,

288 3195 430 3256 summis
450 3194 610 3258 laudibus
631 3189 777 3262 efferret.
820 3197 1035 3278 Quamquam
1054 3205 1143 3277 sunt,
1162 3194 1222 3276 qui
1235 3193 1328 3256 XXII
1341 3193 1564 3256 historiarum
1577 3193 1687 3278 libris,

288 3297 331 3358 ab
352 3297 416 3360 illo
438 3299 481 3358 ad
502 3299 683 3360 Lucullum
702 3299 853 3382 scriptis,
875 3301 1112 3362 tantummodo
1133 3293 1186 3363 r'es
1206 3299 1288 3360 inde
1309 3297 1435 3362 abello
1446 3301 1567 3363 sociali
1578 3321 1688 3384 usque

287 3401 331 3460 ad
338 3399 541 3462 dictaturam
552 3421 647 3463 suam
658 3400 845 3465 illustrasse
857 3413 1015 3466 statuant.
1024 3403 1060 3486 θ)
1080 3403 1226 3466 Accessit
1236 3403 1399 3486 Sisenna,
1410 3404 1690 3493 gravissimiviri,

289 3504 540 3586 testimoninm,
567 3506 628 3587 qui
656 3514 689 3569 et
715 3504 791 3590 ipse
810 3497 987 3589 aequalem
1008 3507 1128 3598 aetatis
1153 3529 1221 3572 suae
1242 3509 1443 3573 memoriam
1471 3511 1582 3576 literis
1607 3497 1689 3576 illu·

288 3608 519 3691 straveratw)
531 3612 616 3672 Nam
627 3611 803 3677 dictatura
815 3611 918 3676 Sullae
931 3605 1062 3675 mentio
1075 3611 1112 3674 in
1126 3613 1349 3681 historiarum
1362 3613 1471 3688 libris,
1485 3617 1528 3678 ab
1542 3637 1582 3679 eo
1594 3636 1688 3703 com-

288 3713 420 3796 positis,
439 3713 526 3775 t'acta
545 3711 663 3779 luerat.
705 3717 829 3802 Magna
849 3716 1030 3780 etiamfuit
1049 3716 1231 3780 auctoritas
1250 3719 1447 3802 Posidonii,
1468 3719 1529 3799 qui
1547 3721 1690 3786 summis

288 3817 384 3892 viris,
407 3819 569 3906 PompeJ'o
589 3821 746 3905 aliisque,
763 3820 1030 3885 familiarissime
1053 3843 1132 3884 usus
1152 3821 1279 3906 fuerat,
1300 3833 1333 3886 et
1350 3843 1512 3908 magnum
1526 3825 1689 3890 historia-

291 3945 367 3986 rum
387 3943 473 4006 opus
492 3925 701 3989 condiderat.
740 3926 852 4010 (cujus
871 3927 1001 3990 librum
1021 3927 1126 3988 XLIX
1145 3925 1262 3989 laudat
1281 3927 1462 3994 Athenaeus
1482 3931 1539 3994 1v.
1557 3954 1591 4014 p.
1603 3921 1699 4014 176.)'

291 4027 361 4112 Qui
389 4048 468 4091 cum
495 4047 550 4094 res
577 4032 748 4094 Romanas
772 4029 854 4096 inde
882 4050 903 4092 a
928 4038 1024 4114 capta
1052 4031 1257 4117 Carthagine
1284 4052 1392 4113 usque
1416 4035 1460 4096 ad
1480 4033 1584 4100 finem
1603 4034 1691 4098 belli

330 4206 358 4284 r)
379 4207 431 4266 cfr.
453 4208 578 4270 licerent
596 4211 632 4274 V.
653 4209 700 4270 Cl.
729 4209 929 4276 commentat.
958 4208 995 4270 do
1020 4209 1168 4273 Fontibus
1192 4221 1222 4272 et
1252 4213 1425 4274 auctoritote
1457 4213 1592 4276 vitarum
1619 4212 1692 4274 Plu-

372 4285 465 4349 tarohi
486 4310 516 4372 p.
535 4292 600 4352 151.
649 4291 700 4373 ”J
720 4292 773 4352 etr.
793 4290 876 4356 Voss.
896 4289 933 4350 dc
953 4289 1029 4350 llist.
1048 4291 1111 4356 Lat.
1131 4312 1161 4374 p.
1183 4291 1234 4362 43.

1231 4400 1278 4472 58
