4108 4976
270 619 424 688 expressa
444 607 509 666 est:
530 591 673 690 injuria
690 545 884 688 gravitati
897 567 1389 666 tuliorest.-tramtuiere.
1402 600 1593 689 ridesupra
1603 626 1676 692 cap.

273 731 302 772 a.
322 703 414 772 idem
436 723 566 789 cupere
584 707 660 770 vn.
674 723 705 768 a.
726 709 803 768 tam
822 737 865 756 -
883 702 1064 770 haberetis
1083 725 1149 790 pro
1170 713 1314 770 tantum.
1336 704 1398 770 cir.
1421 709 1492 774 Cat.
1511 731 1539 792 7.
1562 708 1679 800 magis

272 809 669 878 lubidinemhabebant.
689 807 893 874 ettad-ad
909 805 1086 875 dominat.
1100 831 1241 876 arcens.
1262 811 1286 875 i.
1306 832 1335 876 c.
1356 821 1484 894 quanta
1492 814 1681 900 cupiditate

270 917 466 1003 imperandi
474 912 829 1000 istitlagrant.similia
838 920 927 978 sunta
936 912 1678 1004 accensastudia'inAgrippinamTac.An.

271 1028 301 1089 3.
310 1039 340 1099 4.
360 1041 535 1086 accensus
555 1021 608 1098 ad
625 1026 820 1085 certamen.
841 1017 930 1084 llist.
943 1035 972 1080 a.
980 1019 1030 1082 63.
1050 1015 1090 1084 in
1110 1041 1217 1084 arma
1226 1021 1413 1103 Vellaptl.
1434 1022 1602 1090 amicitia
1615 1035 1679 1092 est.

271 1132 347 1195 Vat.
362 1141 393 1204 4.
409 1130 438 1194 3.
460 1147 530 1210 quo
550 1125 628 1190 solo
646 1125 725 1188 loco
746 1133 837 1189 recte
857 1123 943 1208 poni
961 1143 1061 1209 posse
1082 1125 1226 1192 verbum
1248 1125 1383 1192 Curtius
1403 1129 1532 1194 statuit.
1559 1139 1681 1196 vasta-

271 1241 388 1298 retur.
405 1232 486 1297 ride
506 1229 598 1295 inira
612 1250 685 1314 cap.
700 1246 750 1308 41.
772 1226 957 1313 davadere,
981 1231 1152 1313 polluere
1176 1239 1212 1296 et
1230 1240 1379 1302 nastare
1397 1231 1533 1299 omnia.
1545 1235 1588 1302 'et
1608 1239 1681 1302 cat.

275 1341 321 1402 15.
343 1337 367 1404 i.
388 1357 417 1408 e.
439 1335 719 1420 labefactaretur,
739 1343 957 1402 everteretur.
980 1333 1150 1422 beneficia
1158 1332 1294 1421 populi
1305 1338 1490 1424 sepissime
1501 1341 1682 1427 magistra-

271 1452 326 1508 tus
345 1452 378 1509 et
389 1443 535 1527 imperia
555 1441 735 1522 dicuntnr;
752 1442 834 1506 ride
852 1439 947 1506 inira
965 1462 1040 1526 cap.
1055 1443 1106 1506 8⁵.
1121 1439 1288 1525 parandi
1295 1440 1410 1533 juria.
1437 1447 1546 1510 Antea
1572 1447 1682 1532 enim,

272 1569 351 1613 cum
371 1549 463 1612 nulli
482 1547 596 1632 plebis
615 1545 812 1612 defensores
833 1555 961 1632 essent,
988 1547 1100 1631 plebis
1115 1545 1174 1626 jus
1193 1549 1348 1634 nullum,
1374 1549 1498 1614 lubido
1518 1551 1681 1635 patricio·

272 1651 651 1738 rumprclegibusiuit.
671 1647 879 1744 majestatis
890 1647 1170 1718 constituendae
1177 1649 1318 1740 gratia.
1339 1653 1399 1718 cir.
1409 1655 1477 1723 Cic.
1488 1676 1542 1740 ap.
1551 1656 1680 1741 Quinc-

273 1759 326 1829 til.
344 1762 430 1823 Jnst.
450 1761 551 1822 Rhet.
570 1781 599 1838 7.
616 1761 650 1820 3.
667 1756 727 1820 lin.
749 1753 925 1844 majestas
945 1764 998 1820 est
1020 1751 1059 1818 in
1079 1751 1233 1838 imperio
1256 1765 1292 1820 et
1316 1755 1356 1822 ia
1375 1756 1478 1824 amai
1486 1760 1619 1843 populi
1635 1764 1681 1831 R.

273 1861 463 1951 dignitate.
486 1862 752 1927 cic.de1nr.a.
772 1879 820 1940 ²7·
840 1858 1072 1938 ..majestatem
1093 1858 1251 1926 minuere
1272 1873 1322 1927 est
1343 1867 1387 1930 de
1407 1865 1592 1952 dignitate,
1619 1878 1680 1932 aut

271 1975 438 2054 potestate
457 1966 597 2054 populi,
624 1971 840 2048 autentum,
865 1963 992 2047 quibus
1011 1966 1161 2051 populus
1178 1975 1382 2052 potestatem
1402 1971 1514 2055 dedit,
1544 1972 1682 2054 aliquid

272 2077 470 2159 derogare*
486 2067 719 2138 Aventinum.
746 2069 807 2136 cfr.
834 2072 904 2133 Cat.
929 2074 980 2144 ad,
1000 2059 1074 2156 cap:
1092 2073 1142 2136 33.
1163 2093 1239 2136 non
1259 2095 1324 2158 pro
1344 2095 1475 2158 nonne,
1493 2079 1588 2159 quod
1608 2079 1679 2140 duo

159 2167 188 2212 ’
271 2179 357 2243 libri
377 2181 468 2262 apud
486 2177 638 2244 Curtium
658 2177 802 2261 habent,
833 2173 950 2241 nullus
970 2194 1011 2240 ex
1030 2175 1161 2240 Italicis
1178 2177 1280 2244 libris
1299 2177 1465 2246 defendit.
1485 2183 1586 2265 quod
1603 2204 1682 2247 ma·

264 2281 333 2374 jus
347 2286 432 2348 Ven.
449 2305 475 2353 ι.
488 2286 564 2350 Vat.
580 2297 611 2358 4.
625 2283 653 2347 3.
674 2276 762 2364 quia
778 2283 854 2348 Vat.
872 2293 902 2346 a.
921 2279 984 2346 alii
1003 2284 1096 2367 apud
1117 2281 1270 2348 certium
1292 2279 1477 2366 quoniam.
1504 2307 1581 2369 qua
1601 2287 1681 2370 qui-

220 2391 222 2396 '
273 2390 353 2454 dem
372 2387 542 2452 variantes
562 2386 765 2452 confirmare
782 2386 945 2454 videntur
964 2387 1151 2456 lectionem
1170 2389 1214 2454 ab
1234 2409 1276 2454 eo
1298 2398 1467 2475 receptam
1489 2393 1596 2475 quod.
1622 2395 1683 2458 sed

273 2515 352 2558 cum
365 2493 610 2558 difficillimum
620 2493 676 2578 ait,
687 2495 731 2558 de
742 2492 912 2572 ejusmodi
920 2494 1130 2560 lectionibus
1138 2495 1224 2562 certi
1234 2495 1320 2578 quid
1328 2504 1491 2582 statuere,
1510 2497 1682 2581 plurimo-

274 2621 352 2664 rum
373 2601 654 2685 optimorumque
664 2599 837 2664 librorum
846 2599 1033 2666 lectionem
1047 2620 1181 2698 sequor.
1202 2610 1354 2666 ceterum
1369 2601 1408 2665 in
1420 2623 1494 2668 rem
1505 2603 1682 2670 cir.Thnc.

274 2729 303 2772 a.
315 2711 365 2773 6².
391 2704 514 2796 αἴσχιον
532 2699 575 2790 ii,
594 2699 713 2796 ippodes
731 2704 936 2805 ἱφωςῶΐὶω
956 2699 1148 2793 inlepidus
1165 2703 1328 2797 ἆΊυχῗω.
1361 2703 1616 2773 vindicandum
1643 2707 1684 2775 in

276 2833 347 2878 eos.
366 2811 417 2874 ita
438 2815 511 2875 haec
530 2831 598 2875 vox
616 2811 720 2875 etiam
739 2813 833 2894 apud
853 2812 1054 2876 Ciceronem
1072 2811 1291 2875 construitur.
1312 2813 1414 2894 quod
1428 2808 1686 2902 magrsssfecisse

274 2937 384 3002 quam
394 2911 568 2989 accidisse
577 2909 767 3000 indignum
779 2920 843 2976 est.
862 2916 981 2980 Vana
1002 2919 1059 2978 ent
1077 2914 1264 2980 lectionem
1274 2916 1510 2980 brevissimam
1520 2920 1683 2982 eandem·
1739 2967 1744 2978 .

273 3041 341 3106 que
357 3019 556 3105 pessimam,
578 3037 701 3082 nervos
720 3017 815 3084 enim
825 3018 993 3082 orationis
1002 3018 1137 3083 incidit.
1158 3015 1404 3108 vobisfecisae.
1424 3023 1500 3089 Vat.
1511 3040 1541 3083 a.
1554 3026 1683 3090 ctVen.

273 3133 304 3192 3.
325 3145 430 3208 quam
449 3125 526 3190 lect.
550 3125 642 3186 Cort.
662 3121 834 3206 potiorem
850 3121 1037 3201 judicario
1069 3126 1129 3188 sed
1147 3124 1236 3187 bene
1252 3143 1288 3188 sc
1306 3125 1412 3190 hahet
1428 3146 1503 3212 vos,
1523 3132 1618 3214 quod
1636 3129 1682 3195 li·

273 3232 399 3318 brarii,
420 3233 515 3312 qnod
534 3227 742 3294 insolentius
759 3226 871 3292 visum
882 3236 950 3311 est,
969 3227 1007 3292 in
1022 3227 1119 3296 vobis
1130 3236 1317 3293 mutarunt.
1323 3241 1577 3313 pervenerant.
1589 3237 1683 3302 Med.
1717 3245 1724 3270 ⁶

274 3362 305 3422 7.
326 3359 402 3423 quae
421 3337 524 3402 lectio
546 3337 642 3400 haud
662 3336 919 3400 contemnenda.
948 3333 1083 3398 damna
1096 3331 1135 3398 in
1153 3355 1264 3420 remp.
1274 3333 1502 3419 perveniunt.
1523 3339 1573 3404 ita
1592 3340 1683 3406 dici·

266 3455 331 3512 ‘tur
351 3441 390 3508 in
409 3443 592 3526 tim0rem,
620 3436 660 3504 in
676 3447 860 3525 senatum,
881 3435 920 3502 in
944 3435 1164 3524 amicitiam,
1195 3439 1235 3505 in
1252 3437 1378 3506 addam
1390 3445 1597 3531 pervenire,
1620 3450 1682 3514 sed

274 3569 393 3621 sensus
419 3557 469 3613 est
497 3546 664 3631 diversus,
683 3544 766 3627 quin
785 3544 854 3609 hoc
872 3546 1077 3632 plerumque
1097 3549 1142 3610 ad
1160 3565 1320 3631 personas
1338 3546 1495 3617 refertur.
1515 3552 1684 3620 obedient

222 3707 226 3718 .
276 3653 358 3723 erit.
384 3654 496 3718 rarius
525 3651 747 3737 participium
773 3669 922 3734 praesens
946 3647 1029 3714 iacit
1056 3651 1297 3736 periphrasim.
1316 3652 1378 3718 cir.
1395 3657 1585 3720 Tentudr.
1601 3663 1632 3721 3.
1650 3676 1685 3724 a.

277 3764 327 3829 ad.
349 3770 392 3824 ut
409 3756 461 3824 sis
480 3757 608 3825 sciens.
628 3757 729 3820 oria.
752 3757 854 3820 Pont.
867 3773 897 3834 4.
912 3761 943 3824 3.
961 3759 1012 3820 33.
1033 3755 1157 3820 omnia
1176 3755 1462 3824 suntbominum
1482 3757 1588 3826 tenui
1592 3783 1682 3845 pen.

276 3863 531 3952 dentiafito.-
543 3863 638 3927 bella
647 3871 885 3945 atquepacea.
904 3859 1193 3945 conjunctionem,
1203 3881 1307 3944 quam
1320 3863 1456 3928 Curtius
1463 3867 1601 3954 delevit,
1619 3869 1684 3934 ali·
1713 3873 1716 3883 “

277 3989 377 4037 orum
398 3971 554 4034 locorum
575 3968 771 4055 analogiam
791 3975 942 4050 secutus,
964 3965 1348 4032 omneslihriretinent.
1363 3990 1487 4054 paces.
1505 3974 1681 4046 rideNon.

278 4079 380 4140 Marc.
399 4093 428 4138 a.
451 4077 521 4138 621.
549 4075 611 4156 qui
629 4075 746 4139 locam
765 4094 807 4140 ex
825 4071 989 4138 Varronis
1018 4071 1112 4135 libro
1145 4074 1279 4138 devita
1297 4077 1421 4160 populi
1440 4080 1591 4142 Romani
1606 4081 1683 4144 lau-

277 4186 351 4260 dat,
381 4181 443 4245 ubi
462 4179 611 4264 pluralis
628 4181 730 4260 hujus
755 4178 850 4244 vocis
871 4187 920 4243 est
940 4176 1083 4263 positus.
1103 4176 1163 4242 cir.
1183 4179 1295 4244 Plaut.
1322 4183 1414 4246 Pera.
1429 4185 1461 4246 3.
1484 4207 1510 4246 ι.
1526 4180 1684 4265 pacibus

270 4281 464 4382 perfectis,
482 4286 693 4372 Horatllpp.
712 4311 742 4355 a.
760 4301 866 4353 naar.
886 4285 957 4352 ltoc
969 4305 1084 4371 paces
1102 4285 1263 4353 latum
1277 4286 1406 4371 bonae,
1421 4287 1597 4355 Lucreti.
1614 4307 1685 4375 247.
