4106 4974
1591 427 1659 522 241
1691 421 1696 431 ·

249 607 402 692 tertiam
421 615 595 714 Africam
612 639 778 708 posuere.
797 621 883 688 Van.
901 633 932 697 4.
968 635 1045 702 quae
1065 607 1214 702 quidem
1228 619 1333 685 lectio
1353 619 1458 708 longe
1478 621 1661 709 elegantis·

252 733 358 818 sima,
385 732 575 794 dummodo
601 727 755 816 plurium
785 726 956 790 librorum
971 725 1186 790 auctoritate
1217 723 1486 790 confirmaretur.
1522 748 1661 810 ponere

253 837 347 903 enim
369 832 554 920 saepissime
573 854 639 918 pro
660 839 752 897 certo
773 849 938 914 asserere,
958 838 1116 914 statuere,
1138 831 1273 894 dieitur.
1307 833 1366 895 sed
1394 831 1458 894 illa
1484 833 1602 918 altera,
1621 840 1660 896 ut

250 940 460 1007 insolentior
477 948 511 1004 et
532 938 702 1023 asperior,
722 937 772 999 ita
789 935 928 998 Salustii
943 934 1184 1000 consuetudini
1198 934 1308 1020 magis
1321 943 1563 1022 consentanea,
1583 957 1662 1002 ver·

250 1047 377 1112 horum
405 1053 609 1110 structuram
636 1041 675 1105 in
697 1039 864 1125 oppositis
887 1038 1071 1123 saepissime
1092 1038 1267 1102 mutantis.
1291 1039 1378 1104 uide
1397 1061 1500 1127 supra
1521 1045 1564 1104 ad
1588 1043 1660 1106 cat.

254 1169 303 1234 19.
323 1155 420 1217 etde
442 1157 571 1213 mutata
592 1155 760 1211 structura
779 1143 872 1208 inira
893 1147 941 1226 78.
970 1154 1120 1208 ceterum
1138 1145 1290 1207 notanda
1309 1143 1413 1210 lectio
1434 1148 1508 1214 Vat.
1525 1150 1553 1210 ⁵.
1574 1145 1661 1212 Asi-

252 1277 312 1320 om
335 1262 373 1319 et
382 1257 583 1338 Europam.
604 1255 664 1316 Ea
684 1260 747 1320 ete.
758 1251 878 1315 ceteris
889 1250 1032 1314 omissis.
1047 1269 1240 1334 pronomen
1252 1250 1393 1331 quidem
1407 1273 1449 1314 ea
1464 1252 1659 1314 aSubstan-

251 1362 323 1427 tiro
344 1360 483 1446 longius
504 1365 689 1440 remotum,
710 1359 770 1421 sed
792 1353 932 1420 defendi
951 1375 1050 1438 posse
1068 1356 1222 1438 videtur,
1243 1355 1327 1436 quia
1346 1356 1450 1419 etiam
1476 1355 1554 1426 aliis
1575 1355 1662 1419 locis
1751 1367 1754 1374 ⁴

253 1485 296 1532 ea
315 1485 380 1550 pro
408 1462 475 1528 illo
504 1474 623 1528 auctor
642 1481 771 1545 ponere
792 1461 890 1524 solet.
931 1461 1078 1543 aceedit,
1106 1463 1200 1540 quod
1220 1460 1308 1544 hac,
1337 1459 1367 1525 si
1388 1459 1513 1526 omissa
1534 1471 1660 1545 essent,

250 1569 585 1636 rix-desideraveris.
607 1566 837 1632 nihilominus
857 1573 973 1632 tamen
990 1564 1094 1629 unius
1113 1564 1197 1628 libri
1211 1585 1333 1649 parum
1347 1563 1446 1630 firma
1461 1567 1662 1645 auctoritas;

253 1683 287 1738 et
308 1675 392 1738 talia
409 1694 472 1759 per
497 1673 562 1736 sed
580 1670 784 1756 particulam
804 1671 1012 1759 conjungere
1032 1691 1052 1734 a
1072 1671 1264 1734 Salustiano
1286 1670 1425 1734 dicendi
1445 1692 1571 1754 genere
1591 1689 1663 1736 non

251 1779 414 1844 alienum.
458 1781 618 1843 Ceterum
638 1796 726 1857 quos
744 1785 899 1842 auctores
917 1777 1110 1859 sententie,
1150 1795 1253 1858 quam
1280 1783 1314 1839 et
1332 1776 1405 1858 ipse
1428 1777 1662 1860 amplectitur,

250 1884 459 1966 laudaverit,
479 1883 657 1946 incertum.
677 1883 855 1944 Eudoxum
872 1882 1036 1945 Cnidium
1048 1881 1087 1944 in
1098 1884 1152 1968 73⁶
1163 1884 1297 1980 mprobg'i
1316 1890 1349 1944 et
1357 1883 1617 1947 Erotosthenem
1631 1883 1663 1952 ι’,
1765 1909 1768 1914 ·

247 1988 303 2066 'lcii
325 1985 626 2088 peeypsoouus'mc,
647 1993 681 2052 et
701 1986 850 2052 maxime
869 1985 1148 2074 Agatharchiden
1170 1986 1333 2049 Cnidium
1354 1989 1418 2050 hac
1438 1991 1481 2051 de
1502 2009 1539 2051 re
1555 1987 1663 2072 egisse

252 2093 421 2160 existimo.
461 2111 549 2176 qnos
573 2091 681 2156 secuti
710 2101 806 2177 sunt,
835 2093 897 2174 qui
926 2101 1044 2176 postea
1067 2095 1213 2156 eandem
1241 2113 1315 2155 rem
1342 2099 1542 2176 tractarent,
1571 2092 1662 2155 Stra-

252 2199 299 2263 bo
321 2207 353 2263 et
369 2197 513 2262 Plinius.
535 2197 615 2261 vide
631 2197 758 2261 Duker.
778 2200 823 2260 ad
846 2197 937 2262 Flor.
960 2214 987 2258 2.
1010 2199 1039 2264 8.
1065 2220 1091 2259 ι.
1111 2197 1177 2260 Sed
1198 2199 1242 2260 de
1262 2196 1322 2281 iis,
1344 2196 1404 2278 qui
1426 2199 1511 2260 duas
1530 2205 1662 2260 tantum

252 2303 348 2368 orbis
369 2312 466 2369 terrae
486 2311 601 2388 partes
622 2321 696 2368 esse
717 2310 919 2388 statuerunt,
938 2302 1220 2366 videBroukhus.
1242 2305 1285 2365 ad
1305 2301 1424 2364 Tibull
1445 2305 1554 2369 Carm.
1577 2319 1613 2386 4,
1638 2327 1663 2364 ι.

253 2410 331 2489 1763
360 2416 395 2472 et
414 2407 476 2472 cir·
495 2410 635 2473 [socrat.
656 2409 824 2494 Panegyr.
843 2411 900 2488 483
932 2409 1147 2494 Agathemer.
1165 2424 1193 2475 2.
1218 2424 1246 2470 2.
1267 2410 1376 2474 Varro
1389 2410 1432 2470 de
1451 2410 1489 2468 L.
1511 2411 1546 2470 L.
1570 2425 1599 2484 4.
1615 2413 1661 2470 13.

250 2515 312 2576 Ed.
334 2513 408 2598 Bip·
458 2513 736 2581 Cotobotbmos.
765 2513 869 2579 etiam
894 2516 937 2578 de
963 2514 1128 2577 hocloco
1152 2509 1318 2576 fluctuant
1341 2519 1494 2576 veterum
1519 2513 1662 2596 scripto-

250 2639 329 2684 rum
346 2618 490 2697 judicia.
544 2619 747 2684 Ptolemaeus
767 2618 862 2684 enim
882 2619 927 2703 (4.
950 2618 996 2702 5.)
1023 2622 1107 2682 duas
1125 2618 1284 2704 regiones
1307 2625 1557 2701 conmemorat,
1586 2637 1661 2699 qua

250 2723 318 2787 hoe
343 2723 486 2788 nomine
503 2723 683 2808 appellatae
710 2721 849 2792 fuerint.
880 2729 999 2806 Neque
1020 2724 1144 2789 Strabo
1171 2722 1359 2788 accuratius
1387 2725 1430 2787 de
1459 2723 1514 2786 his
1534 2721 1663 2786 finibus

252 2826 344 2913 egit,
373 2827 502 2912 quippe
532 2827 594 2908 qui
625 2829 871 2912 Cyrenensium
898 2829 984 2892 fines
1010 2849 1118 2908 usque
1145 2831 1190 2890 ad
1211 2829 1460 2892 Catabathmon
1489 2827 1662 2911 pertinere
1695 2895 1697 2900 ,

154 2969 158 2978 ·
251 2929 355 2996 dieat.
375 2929 435 2995 cir.
458 2932 730 3016 Geograph.XV.
752 2937 781 2994 3.
801 2954 837 3016 p.
859 2933 930 3010 498.
952 2933 1012 2993 Ed.
1031 2932 1184 2993 Tauchn.
1206 2930 1311 2994 ctiam
1328 2933 1494 3015 Pompon.
1514 2931 1617 2994 Mela.
1635 2953 1661 2994 1.

252 3038 283 3099 8.
304 3054 334 3103 2.
357 3035 449 3098 nihil
470 3035 569 3099 aliud
586 3055 706 3116 quam:
734 3034 1017 3118 Catabathmos,
1039 3031 1143 3098 vallis
1163 3037 1293 3098 devexa
1314 3019 1354 3098 iu
1375 3035 1601 3124 Aegyptum,
1607 3035 1662 3120 fi

252 3137 310 3205 m't
336 3134 511 3229 Africam
537 3137 654 3214 «dicit.
684 3159 786 3202 mare
800 3159 953 3203 saevum.
986 3141 1054 3201 hoc
1074 3139 1222 3202 maxime
1242 3141 1286 3202 ad
1306 3146 1415 3224 syrtes
1436 3140 1662 3224 regionesque

248 3245 382 3310 vicinas
402 3244 576 3330 pertinere
596 3241 748 3322 videtur3
782 3244 863 3308 vide
889 3243 982 3306 infra
1002 3264 1075 3328 cap.
1097 3247 1154 3325 783
1185 3247 1246 3309 sed
1274 3263 1347 3307 non
1367 3245 1416 3308 ita
1437 3245 1564 3308 multos
1582 3264 1663 3328 por·

252 3359 308 3415 tus
330 3350 370 3414 in
390 3349 455 3414 ista
474 3349 618 3435 regione
638 3347 804 3432 inveniri,
824 3349 905 3414 satis
925 3358 1065 3414 constat.
1088 3349 1203 3414 bouus
1219 3349 1360 3433 pecori.
1380 3349 1453 3412 Liv.
1469 3369 1520 3431 29.
1532 3351 1581 3412 31.
1602 3352 1663 3413 ad-

251 3455 303 3522 dit
324 3455 468 3520 olendo.
500 3457 559 3520 sed
588 3450 679 3517 inira
704 3453 770 3516 Sal.
791 3454 901 3518 simili
925 3455 1070 3520 ratione.
1091 3472 1141 3536 92.
1171 3451 1365 3544 aggeribus
1395 3456 1498 3518 locus
1526 3451 1664 3538 impor-

253 3568 376 3625 tunus.
396 3560 491 3648 Virg.
514 3577 543 3622 2.
569 3559 691 3644 Georg.
713 3574 782 3624 222.
793 3554 913 3649 ferax
934 3563 1025 3644 oleo,
1046 3569 1080 3623 et
1093 3560 1139 3626 id.
1152 3559 1239 3626 ibid.
1251 3563 1319 3622 22³.
1331 3553 1467 3647 faciles
1476 3560 1664 3641 pecori.-

254 3666 383 3732 arbori
403 3662 631 3754 infecundus.
661 3685 702 3728 ex
730 3663 859 3728 Italicis
879 3662 983 3750 longe
1009 3664 1153 3748 plurimi
1178 3665 1271 3727 libri.
1301 3660 1495 3728 arboribus
1513 3665 1611 3726 Barb.
1631 3680 1661 3738 4.

253 3772 346 3836 Med.
372 3791 399 3832 2.
431 3767 577 3834 arboris
598 3769 688 3834 Med.
710 3786 738 3834 1.
759 3786 805 3829 10.
842 3769 927 3840 Van.
950 3773 979 3836 3.
999 3785 1028 3844 4.
1064 3771 1139 3838 vat,
1158 3785 1187 3844 4.
1214 3768 1299 3830 Min.
1322 3787 1351 3835 2.
1375 3767 1549 3831 orborum
1571 3768 1661 3830 Med.

254 3897 283 3956 9.
306 3875 405 3938 Barb.
428 3890 457 3936 2.
476 3873 628 3957 primum
648 3871 791 3955 quidem
811 3872 995 3956 singularis
1016 3892 1195 3955 numerus,
1226 3871 1382 3952 quamvis
1410 3880 1458 3934 est
1487 3871 1662 3958 insolitus,

254 3990 369 4044 tamen
388 3969 477 4043 bene
497 3997 533 4044 se
553 3980 667 4045 hahet.
688 3997 756 4060 qua
777 3980 821 4042 de
841 3997 879 4040 re
898 3974 969 4055 jam
991 3975 1164 4040 Charisius
1183 3979 1266 4040 Just.
1290 3977 1406 4042 Gram.
1430 3990 1461 4052 4.
1477 3992 1546 4053 242.
1572 3979 1664 4040 mul-

254 4093 289 4147 ta
311 4083 485 4166 exempla,
505 4103 581 4164 quae
601 4085 692 4167 apud
712 4091 830 4166 poetas
843 4081 1042 4164 occurrunt,
1062 4081 1225 4147 laudavit.
1247 4081 1411 4146 Ruddim.
1433 4083 1518 4144 Jnst.
1536 4085 1571 4142 Ι.
1585 4085 1620 4145 L.
1636 4103 1661 4143 1.

256 4192 323 4254 160.
343 4224 391 4260 ·-·‚
405 4196 463 4250 aut
486 4183 630 4252 arboris
652 4187 759 4274 igitur
778 4196 836 4252 aut
859 4183 989 4252 arbori
1014 4206 1144 4252 verum.
1194 4187 1357 4252 Dativum
1398 4186 1427 4249 si
1452 4205 1566 4248 veram
1593 4187 1663 4250 lec·

1208 4375 1257 4448 26
