4116 4970
433 397 483 477 7!

428 573 519 636 inira
537 589 610 656 cap.
626 576 675 638 31.
698 565 863 638 Catilina
884 571 961 656 Iege
979 565 1134 636 Plautio
1154 565 1406 658 interrogatus
1425 577 1507 634 erat
1527 589 1551 636 a
1565 571 1608 642 L.
1621 571 1754 638 Paulo.
1774 577 1826 632 ta-

427 676 472 738 lis
493 675 635 755 quaestio
656 683 693 735 ut
719 675 972 756 institueretur,
994 675 1207 737 accusatione
1231 694 1301 737 non
1333 693 1419 758 opus
1451 673 1555 737 fuisse
1583 675 1735 756 ridetur,
1763 677 1823 738 sed

427 799 464 842 re
485 779 601 859 aliqua
622 778 718 861 rulgi
741 779 957 842 sermonibus
978 778 1171 860 exagitata,
1200 777 1340 859 pretori
1367 787 1538 860 suspectos
1565 778 1604 840 in
1628 778 1685 856 jus
1703 797 1825 840 vocare

426 882 534 947 licuit.
572 879 632 942 cir.
647 881 719 941 Lir.
736 881 766 941 8.
788 884 839 942 δα.
868 881 929 942 ubi
949 881 1074 944 similis
1095 882 1320 965 interrogatio
1338 883 1545 964 instituitur,
1573 885 1633 944 sed
1654 901 1694 946 ea
1716 881 1825 966 magis

428 989 471 1048 ad
501 983 720 1067 disciplinam
737 983 920 1046 militarem
945 1003 1046 1064 quam
1066 987 1109 1046 ad
1128 1004 1199 1046 rem
1214 984 1416 1063 judicialem
1438 985 1666 1068 posteriorum
1690 995 1822 1068 tempo-

426 1111 501 1152 rum
528 1089 686 1172 pertinet.
727 1089 821 1172 leges
848 1087 1016 1153 ambitus.
1055 1089 1232 1165 Ejusmodi
1257 1089 1349 1173 leges
1374 1088 1490 1152 multae
1506 1090 1608 1170 latre,
1638 1109 1822 1172 gravesque

423 1213 531 1278 poenae
551 1193 742 1255 constitutae
760 1191 908 1253 fuerunt.
937 1192 1054 1254 Tullia
1075 1193 1118 1254 ab
1138 1194 1213 1276 ipso
1227 1193 1391 1256 Cicerone
1408 1192 1485 1264 lata.
1507 1193 1568 1262 cfr,
1585 1194 1645 1256 Or.
1657 1193 1694 1256 in
1709 1194 1821 1256 Vatia.

428 1301 474 1364 15.
494 1317 558 1380 pro
576 1295 690 1359 Sextio
708 1297 757 1368 64.
779 1303 812 1356 et
833 1313 897 1376 pro
917 1297 1070 1358 Murena
1090 1316 1162 1379 cap.
1181 1301 1230 1358 32.
1249 1316 1316 1377 seq.
1337 1299 1466 1360 Eodem
1487 1297 1652 1379 spectarit
1671 1298 1725 1360 lex
1747 1299 1820 1360 Ma-

423 1402 513 1463 riae
533 1404 569 1463 C.
583 1401 693 1462 Mario
718 1398 988 1481 tribunoplebis
1014 1400 1092 1460 lata.
1114 1398 1173 1462 cir.
1196 1399 1264 1462 Cic.
1282 1402 1325 1462 de
1341 1401 1443 1483 Legg.
1458 1415 1488 1474 4.
1506 1421 1554 1480 17·
1578 1409 1612 1463 et
1634 1401 1721 1462 Plut.
1745 1401 1820 1464 Vita

423 1506 526 1568 Marii
543 1523 572 1581 a.
591 1503 808 1568 severissime
825 1503 950 1586 scripta
964 1511 1036 1566 erat
1050 1505 1251 1588 Calpurnia,
1271 1513 1408 1566 auctore
1440 1506 1475 1566 C.
1486 1504 1671 1590 Calpurnio
1688 1504 1820 1587 Pisone,

424 1611 467 1672 de
487 1631 555 1692 qua
571 1611 649 1672 vide
671 1609 730 1671 Or.
749 1627 812 1691 pro
835 1609 986 1670 Muraena
1005 1628 1076 1690 cap.
1101 1613 1151 1674 23.
1171 1617 1204 1672 et
1222 1609 1290 1672 Dio
1313 1611 1401 1670 Cass.
1421 1613 1477 1692 36,
1493 1625 1542 1671 ar.
1563 1625 1611 1678 aa.
1628 1613 1676 1686 at.
1698 1611 1814 1692 paulo

422 1701 515 1795 quod
542 1735 612 1777 uno
654 1716 667 1776 l
701 1713 866 1796 scriptum
899 1733 1017 1777 omnes
1049 1715 1155 1776 Codd.
1197 1713 1348 1795 habent,
1381 1723 1471 1776 recte
1499 1711 1548 1776 ita
1569 1713 1738 1778 scribitur.
1766 1709 1817 1776 cir

426 1819 585 1886 Schneid.
603 1821 645 1880 de
665 1819 828 1882 Element.
844 1823 882 1882 L.
897 1822 934 1882 L.
956 1821 993 1882 P.
1006 1819 1049 1881 ΙΙ.
1060 1839 1094 1902 p.
1113 1833 1183 1893 4¹2·
1201 1825 1234 1880 et
1250 1821 1320 1896 39¹·
1340 1827 1429 1900 post
1441 1819 1570 1900 paulo.
1586 1828 1668 1902 puta
1688 1820 1811 1880 eodem

420 1945 530 2002 anno;
551 1942 630 1985 nam
650 1923 725 1984 Kal.
738 1923 911 1985 ianuariis
932 1926 1023 1987 Coss.
1040 1929 1175 2006 Cottam
1192 1931 1226 1984 et
1240 1923 1467 2002 Torquatum,
1487 1921 1598 2002 quiin
1610 1924 1646 1981 Ρ.
1664 1921 1770 1984 Sullae
1784 1927 1818 1984 et

313 2059 315 2070 ·
421 2029 581 2092 Autronii
595 2029 709 2090 locum
726 2023 859 2090 suffecti
868 2027 1016 2114 fuerunt,
1038 2029 1207 2092 trucidare
1222 2025 1364 2112 pararit.
1385 2026 1510 2107 quibus
1525 2025 1722 2088 consulibus
1736 2043 1819 2086 cau-

418 2155 489 2198 sam
509 2138 554 2196 de
572 2133 727 2218 pecuniis
766 2135 964 2215 repetundis
983 2132 1080 2197 dixit.
1114 2135 1173 2198 sed
1186 2133 1259 2211 jam
1284 2131 1460 2218 superiore
1480 2149 1571 2194 anno
1594 2127 1669 2192 tttrt
1692 2127 1818 2214 legati,

422 2242 559 2302 absente
579 2238 659 2319 illo,
679 2237 791 2317 questi
804 2249 897 2322 sunt,
929 2240 1114 2321 multaeque
1135 2259 1253 2325 graves
1269 2237 1446 2305 sententiae
1466 2239 1509 2300 de
1528 2233 1594 2297 illo
1610 2231 1709 2296 dictae
1729 2240 1816 2296 sunt·

416 2341 752 2406 clr.Ascon.Pedian.
762 2344 892 2404 Comm.
903 2342 941 2403 in
954 2343 1023 2404 Cic.
1046 2345 1138 2406 Orat.
1154 2344 1193 2407 in
1211 2347 1294 2428 Tog.
1308 2346 1412 2410 Cand.
1430 2365 1463 2426 p.
1474 2355 1541 2420 149.
1557 2337 1735 2402 confirmat
1757 2335 1815 2398 Ci-

415 2467 492 2512 cero
526 2447 562 2508 in
603 2449 721 2508 eadem
759 2447 916 2510 oratione
952 2447 1007 2510 his
1041 2448 1155 2511 verbis
1182 2470 1192 2526 3
1222 2468 1273 2523 ,a
1303 2447 1428 2527 quibus
1461 2444 1674 2509 consulatum
1706 2440 1816 2525 petis?

413 2551 629 2636 principibus
661 2549 833 2611 civitatis?
861 2551 922 2629 qui
942 2551 1023 2626 tibi,
1044 2572 1122 2612 cum
1155 2555 1193 2622 L.
1215 2553 1390 2616 Volcatius
1407 2554 1482 2616 Cos.
1505 2550 1543 2612 in
1561 2547 1707 2612 consilio
1731 2545 1814 2608 fuis-

411 2666 480 2738 set,
501 2674 545 2716 ne
561 2651 701 2736 petendi
725 2650 865 2730 quidem
884 2661 1084 2734 potestatem
1111 2673 1182 2717 esse
1199 2655 1418 2718 voluerunt.”
1444 2649 1682 2736 pecuniarum
1705 2670 1813 2731 repe,

414 2760 623 2823 tundarum.
645 2754 751 2818 dictio
777 2755 918 2840 propria
940 2759 983 2822 de
1004 2758 1178 2842 pecuniis,
1200 2777 1283 2840 quas
1311 2759 1526 2844 magistratus
1542 2755 1690 2818 Romani
1713 2753 1814 2816 sociis

412 2883 471 2928 seu
501 2861 742 2946 provinciabua
767 2863 983 2948 eripuerant,
1004 2867 1134 2947 quade
1157 2884 1193 2926 re
1216 2863 1367 2948 primum
1387 2867 1425 2927 L.
1450 2863 1529 2926 Piso
1558 2861 1716 2924 tribunus
1737 2858 1813 2943 ple-

410 2971 464 3032 his
482 2969 661 3032 Caesonino
688 2973 721 3028 et
740 2967 886 3032 Manilio
910 2973 1001 3033 Coss.
1019 2971 1131 3055 legem
1152 2970 1243 3035 tulit.
1272 2968 1331 3033 etr.
1354 2967 1423 3030 cic.
1443 2969 1533 3028 Brut.
1550 2987 1597 3044 ²7·
1617 2965 1735 3048 Sigon.
1769 2965 1811 3030 de

410 3073 513 3150 judic.
540 3077 569 3132 3.
592 3095 639 3150 27·
659 3072 710 3131 De
739 3072 860 3132 eodem
884 3067 1029 3132 crimine
1055 3069 1151 3130 Sulla
1176 3071 1399 3148 quaestionem
1424 3079 1623 3154 perpetuam
1652 3067 1810 3132 instituit.

411 3177 454 3238 dc
470 3173 619 3234 Catilina
637 3183 790 3232 accusato
814 3180 845 3232 et
883 3172 1042 3234 absoluto
1073 3173 1132 3233 cfr.
1151 3174 1222 3237 Cic.
1240 3179 1282 3238 de
1293 3180 1446 3258 ‘Harusp
1466 3173 1651 3257 Responsis
1674 3193 1746 3257 cap.
1764 3193 1809 3234 at·

406 3282 597 3358 Torquatus
612 3273 731 3334 consul
754 3293 832 3334 eum
854 3271 1063 3336 defenderat.
1094 3275 1153 3334 cir.
1178 3277 1247 3338 Cic.
1269 3280 1364 3340 Orat.
1385 3300 1448 3361 pro
1470 3279 1566 3341 Sulla
1583 3297 1655 3360 cap.
1674 3298 1723 3357 ²9·
1742 3277 1810 3340 hoc

409 3383 452 3443 ab
487 3382 562 3461 ipso
596 3377 761 3440 Cicerone
796 3375 922 3436 factum
944 3393 1040 3457 esse,
1069 3384 1187 3439 auctor
1210 3378 1275 3442 suit
1311 3383 1508 3446 Fenestella.
1534 3404 1637 3466 quern
1669 3381 1808 3462 quidem

410 3501 559 3548 errorem
579 3479 746 3541 Asconius
772 3478 938 3540 refutavit.
971 3481 1102 3541 Comm.
1125 3481 1163 3541 in
1186 3485 1281 3547 Orat.
1305 3489 1388 3570 Tog.
1411 3490 1518 3550 Cand.
1545 3507 1622 3572 pag.
1654 3491 1721 3562 145.
1748 3489 1807 3548 Ed·

407 3591 565 3675 Lugdun.
588 3583 772 3646 Absolutus
792 3591 840 3644 est
860 3580 1010 3642 Catilina
1029 3585 1123 3661 quod
1147 3587 1290 3650 Clodius
1316 3601 1499 3676 accusator,
1519 3591 1666 3676 pecunia
1689 3590 1732 3653 ab
1765 3609 1807 3660 eo

408 3703 617 3779 corruptus,
636 3689 873 3772 prevaricatus
894 3697 951 3750 est.
987 3687 1053 3748 Sed
1087 3697 1205 3770 postea
1230 3690 1355 3756 iterum
1380 3695 1471 3760 inter
1496 3696 1636 3760 sicarios
1671 3715 1806 3758 accusa·

406 3805 460 3859 ius
477 3808 536 3860 est.
557 3796 607 3858 cfr
626 3795 693 3856 Dio
709 3795 795 3856 Cass.
813 3799 863 3872 37.
890 3814 937 3855 ro.
959 3802 992 3856 et
1009 3795 1130 3861 Ascon.
1148 3797 1335 3862 Commeat.
1353 3801 1391 3862 in
1419 3802 1487 3863 Cic.
1518 3803 1611 3868 Orat.
1634 3802 1673 3866 in
1702 3804 1796 3885 Toga

405 3900 509 3962 caud.
531 3918 606 3982 pag.
637 3903 702 3960 151.
724 3899 813 3960 Edit.
844 3899 999 3980 Lugdun.
1021 3909 1118 3980 ,post
1139 3896 1259 3964 effecta
1284 3905 1376 3966 enirn
1386 3907 1526 3970 comitia
1553 3907 1745 3970 consularia
1766 3911 1800 3970 et

405 4002 560 4067 Catilinae
583 4002 751 4082 repulsam
773 4000 851 4062 lecit
870 4021 947 4060 eum
964 4023 1059 4065 reum
1085 4005 1176 4066 inter
1198 4007 1336 4070 sicarios
1357 4013 1393 4070 L.
1410 4012 1614 4090 Lucullus;'’
1630 4033 1700 4094 quo
1722 4013 1801 4095 qui·

404 4115 482 4176 dem
498 4118 649 4189 tempore
661 4104 779 4166 Cicero
792 4124 869 4167 eum
884 4104 1066 4170 defendere
1081 4109 1253 4193 cogitavit.
1274 4115 1334 4194 Ep.
1344 4116 1387 4175 ad
1396 4115 1496 4177 Attic.
1510 4118 1536 4178 I.
1549 4132 1577 4180 a.
1600 4120 1660 4179 sed
1686 4127 1803 4200 postea

403 4219 470 4282 hoe
490 4210 673 4280 consitium
691 4207 824 4286 abjecit.
845 4207 1056 4291 prohibitus
1078 4221 1159 4276 erat
1174 4213 1247 4276 scil.
1268 4227 1404 4282 senatus
1427 4221 1584 4284 consulto
1605 4232 1639 4287 et
1655 4222 1801 4310 legibua·
