4106 4974
1572 379 1644 460 105

233 595 445 650 cumesses
461 576 631 662 Salustic,
656 577 752 662 quod
772 575 842 642 Gio
861 577 921 640 Or.
944 595 973 642 1.
993 577 1032 644 in
1053 579 1123 642 cat.
1144 596 1172 646 c.
1184 577 1215 640 8.
1246 581 1432 664 memorat,
1459 578 1644 646 catilinam

233 688 382 754 vitandae
409 684 615 769 suspicionis
636 703 737 748 causa
758 684 851 768 apud
868 682 927 746 bt.
946 681 1119 769 Lepidum
1146 699 1183 748 se
1202 679 1360 748 babitare
1384 681 1477 748 velle
1493 683 1645 768 dixisse,

233 811 255 858 a
275 799 626 878 quononreccptum,
639 809 727 860 ,cum
745 784 855 871 alios,
874 795 948 852 tum
970 788 1084 872 ipsum
1105 785 1306 852 Ciceronem
1319 785 1449 872 adiice,
1468 795 1509 851 ut
1522 789 1562 854 in
1575 788 1648 868 ejus

228 899 338 964 'domo
354 906 596 964 rasservaretur.
618 901 654 966 et,
670 887 734 958 sui
752 888 992 980 expurgandi.
1003 893 1124 958 Eicbh.
1144 901 1181 956 et
1203 898 1247 954 ut
1264 887 1326 956 sur'
1343 892 1434 964 alius
1456 892 1549 960 liber
1568 911 1649 962 nes-

233 1003 289 1090 cio
315 1002 412 1086 quis3
442 1005 503 1068 sed
530 1007 652 1065 neutra
678 996 782 1062 lectio
803 998 994 1083 probanda.
1005 993 1152 1090 jurgio.
1173 995 1330 1082 jurgium
1349 996 1437 1062 dicit
1455 997 1649 1086 interroga-

234 1107 366 1173 tionem
387 1110 425 1170 L.
447 1104 558 1170 Pauli.
579 1123 648 1189 qua
667 1102 798 1168 scilicet
810 1121 897 1168 voce
913 1103 1063 1168 Catilina
1071 1121 1157 1168 usus
1172 1099 1277 1168 tuisse
1286 1105 1460 1196 pptandus
1472 1114 1539 1190 est,
1559 1108 1650 1174 hsnc

180 1283 182 1288 ¹
233 1231 298 1299 pro
318 1211 462 1297 propria
488 1210 636 1294 scriptor
660 1206 787 1294 posuit.
809 1209 947 1278 ,Eadem
965 1205 1039 1272 iare
1059 1207 1195 1274 ratione
1215 1207 1334 1275 Cicero
1354 1209 1533 1295 publicam
1556 1229 1652 1294 que-

233 1317 382 1383 ctionem
381 1314 516 1409 jurgio
525 1315 698 1401 opposuit.
717 1313 899 1399 proGoelio
911 1333 939 1376 c.
962 1316 1012 1380 rs.
1033 1307 1267 1379 omnia'sunt
1285 1311 1365 1382 alia
1385 1312 1651 1383 nonerztninai

233 1418 503 1490 sedmalede‘cta
512 1414 859 1510 jurgie'petulantis
880 1414 997 1508 magis
1015 1439 1126 1502 quam
1142 1417 1314 1504 publicae
1327 1417 1564 1505 quaestionis.
1584 1441 1650 1506 pro
1773 1497 1775 1504 y

234 1523 300 1612 lite
307 1527 464 1615 jurgium
481 1527 570 1592 dixit
579 1525 746 1591 Asconius
758 1524 932 1590 commin
941 1524 1009 1590 Cic.
1018 1525 1078 1589 Or.
1087 1525 1127 1591 in
1135 1529 1230 1596 Verr.
1243 1531 1273 1598 ³.
1284 1523 1488 1608 simililer
1494 1522 1654 1593 deterius
1721 1615 1723 1618 Ι

234 1628 713 1722 inpossesaionefacturum‚
733 1631 777 1696 de
797 1652 872 1716 qua
884 1627 1059 1723 jurgium
1074 1639 1175 1698 esset.
1193 1627 1318 1698 sicuti.
1325 1631 1350 1701 i.
1365 1653 1396 1699 e.
1409 1640 1592 1720 tanquam,
1611 1653 1652 1699 ac

233 1735 593 1826 sicir.iuira38.alii,
604 1733 945 1828 sicutipopulijura
961 1733 1206 1826 defenderent.
1226 1736 1357 1802 similia
1376 1739 1521 1804 sednon
1533 1740 1651 1805 eadem

233 1851 314 1906 saut
332 1845 411 1909 loca
430 1847 523 1929 apud
543 1843 761 1926 Ciceronem,
779 1857 856 1925 quse
876 1843 998 1906 Horat.
1016 1841 1163 1910 Tursell.
1184 1865 1218 1928 p.
1238 1845 1327 1907 raia.
1348 1841 1527 1928 laudavit,
1554 1845 1652 1930 apud

234 1968 338 2032 quem
358 1951 431 2014 baec
450 1947 621 2034 particula
642 1955 776 2012 tantum
795 1946 1022 2034 nominibus,
1055 1967 1129 2012 non
1146 1943 1318 2014 verbices
1336 1948 1493 2013 sensibus
1514 1967 1654 2034 compa·

234 2043 353 2119 raadis
377 2053 547 2119 inservire
577 2049 785 2134 diciturwin
809 2055 997 2125 Senatum.
1032 2053 1152 2118 Cicero
1188 2059 1347 2116 sanatum
1385 2052 1430 2116 'in
1458 2051 1556 2116 lovis
1584 2064 1653 2118 sta-

171 2223 175 2230 ,
239 2159 326 2223 toris
347 2159 515 2243 templum
536 2141 792 2224 consocarerab
813 2156 874 2220 cfr.
896 2159 958 2226 Or.
978 2157 1019 2222 in
1039 2158 1111 2222 Cat.
1136 2158 1461 2224 1.5.13.a.d.v1.
1500 2159 1552 2221 Id.
1584 2163 1654 2224 No·

233 2261 395 2328 cambris.
426 2261 488 2326 cir.
521 2263 582 2326 Or.
610 2261 649 2326 iu
681 2263 754 2326 (lat.
775 2279 805 2324 a.
826 2281 899 2347 cap.
929 2265 959 2326 6.
987 2280 1053 2347 pro
1069 2261 1166 2326 Sulla
1203 2282 1277 2347 cap.
1305 2263 1357 2340 18.
1395 2257 1469 2328 eise
1482 2284 1655 2348 praesen.

236 2363 328 2434 tiam
348 2374 416 2432 ete.
436 2367 520 2432 scite
538 2351 727 2432 Salustium
757 2385 876 2448 causas
901 2367 1134 2456 significasse,
1169 2368 1297 2452 quibus
1324 2367 1495 2454 impulsus
1532 2369 1653 2438 Cicero

234 2471 487 2538 orationcmia
505 2472 691 2536 Catilinam
710 2473 872 2540 babuerit
882 2517 893 2559 ‚
913 2473 1018 2541 facilc
1039 2483 1089 2541 est
1108 2477 1154 2540 ad
1173 2471 1464 2561 intelligendum,
1488 2474 1520 2541 si
1539 2476 1652 2561 ipsam

236 2577 430 2644 orationem
457 2579 649 2644 accuratius
675 2578 957 2649 'examinaveris
997 2579 1218 2669 quaptumvis
1258 2579 1355 2644 enim
1394 2580 1495 2644 illam
1526 2583 1657 2648 oratio·
1686 2607 1691 2616 ·

238 2703 319 2750 uem
372 2682 592 2761 laudaveris,
641 2693 757 2750 tornea
799 2685 853 2749 ira
902 2697 937 2750 ct
979 2685 1106 2750 timore
1123 2699 1142 2770 ·,
1179 2683 1340 2772 pessimis
1379 2687 1637 2753 consultoribus

236 2807 337 2852 usum
358 2807 429 2854 essa
449 2787 650 2854 Ciceronem
669 2791 846 2855 neminem
868 2788 988 2876 fugiet.
1030 2791 1259 2854 luculentam
1279 2789 1303 2852 i.
1317 2809 1345 2858 e.
1366 2790 1561 2856 luminibus
1580 2811 1655 2858 ver·

235 2893 361 2957 bortum
380 2901 415 2957 et
434 2892 682 2958 sententiarum
702 2901 881 2971 ornatam
906 2911 1088 2976 perperam
1109 2894 1234 2957 Isidor.
1247 2893 1288 2956 X.
1302 2895 1342 2958 L.
1373 2895 1585 2962 luculentus
1604 2895 1652 2961 ab

237 3015 279 3063 eo
291 2993 720 3085 quodsitlr'nguaclorus
732 3005 943 3062 etaermone
961 2992 1201 3079 „splendidus”
1214 3023 1257 3050 a·
1272 3006 1316 3060 ut
1335 3005 1417 3061 erat
1432 3008 1604 3082 paratus.
1623 3023 1656 3067 v.

236 3119 341 3187 supra
361 3121 434 3185 cap.
452 3104 481 3168 5.
523 3121 633 3183 quam
652 3108 782 3189 postea
803 3097 982 3180 scriptam
1004 3095 1129 3164 edidit.
1153 3100 1216 3184 qui
1235 3101 1309 3167 haec
1330 3102 1506 3189 damnant,
1521 3105 1657 3184 Cottius

238 3217 272 3273 et
292 3209 474 3291 Gruterum,
495 3209 590 3288 quod
609 3214 644 3271 et
663 3204 743 3269 aliis
762 3205 831 3268 hoc
850 3203 1013 3269 usitatum
1033 3203 1140 3270 fuerit
1160 3205 1253 3291 (cic.
1273 3207 1357 3272 Lcel.
1376 3208 1429 3276 25.
1451 3203 1658 3279 ne'scnecs.

241 3314 307 3396 u.)
327 3331 451 3398 parum
472 3310 732 3395 intellexerunt,-
751 3311 825 3376 hec
843 3327 865 3372 a
889 3309 1038 3374 Salustio
1060 3311 1181 3374 addita
1199 3309 1324 3398 baisse,
1344 3315 1440 3396 quod
1460 3315 1657 3401 exemplum

239 3417 407 3483 orationis
428 3437 500 3482 non
520 3416 759 3501 transscripsit.
781 3415 878 3481 bona
903 3411 1031 3481 omnia
1050 3416 1075 3486 i.
1095 3434 1126 3481 e.
1146 3416 1280 3502 optima
1299 3437 1454 3501 queque.
1474 3419 1536 3486 cfr.
1553 3441 1657 3508 supra
1727 3465 1751 3494 Ι.

238 3543 312 3608 cap.
332 3525 380 3587 26.
416 3529 582 3588 extrema
598 3518 733 3590 omnia.
754 3523 879 3591 Horat.
893 3521 994 3587 Satir.
1016 3544 1042 3586 ι.
1063 3527 1096 3597 3,
1114 3526 1162 3587 ι3.
1193 3518 1320 3590 omnia
1337 3545 1475 3615 magna
1495 3528 1658 3616 loquens·

238 3637 322 3692 nota
341 3629 380 3693 in
400 3628 456 3692 bis
475 3627 733 3713 simplicitatem
751 3627 930 3693 orationis.
952 3625 992 3693 in
1008 3628 1148 3713 plebem
1168 3628 1387 3712 Romanam.
1407 3631 1481 3696 baec
1492 3639 1656 3716 suspecta.

238 3732 533 3817 habuissemus,
560 3730 690 3817 quippo
706 3751 784 3813 que
803 3753 846 3797 cx
865 3735 1072 3819 compendio
1093 3734 1270 3817 scripturae
1297 3736 1340 3798 R.
1366 3735 1402 3796 Ρ.
1424 3743 1506 3800 nata
1524 3745 1657 3819 essent3

239 3842 299 3904 sed
319 3855 438 3903 sanam
458 3857 529 3904 csso
547 3836 707 3901 omnium
721 3836 894 3902 librorum
917 3837 1104 3902 lectionem
1124 3857 1259 3902 cumea
1281 3840 1488 3925 ostendunt,
1508 3861 1656 3924 quaean-

241 3952 463 4022 tecesserunt3
485 3937 628 4010 homini
641 3936 828 4028 patricio,
855 3951 929 4006 tum
955 3943 1051 4026 quod
1071 3941 1352 4026 insequentibus
1381 3965 1473 4030 opus
1494 3955 1569 4013 esse
1594 3950 1657 4014 ab·

242 4050 354 4114 solute
379 4049 466 4132 poni
495 4067 566 4112 uon
595 4049 720 4136 potuit.
754 4044 967 4132 inquilinus.
1000 4047 1145 4136 figurate
1166 4049 1329 4114 hocloco
1348 4051 1497 4138 dictum
1515 4051 1657 4138 proprie

242 4154 337 4222 enim
354 4153 477 4218 aliene
499 4155 623 4219 domus
643 4155 855 4220 habitatores
875 4157 944 4219 boc
959 4143 1104 4221 noinine
1130 4151 1349 4243 dicebantur,
1376 4158 1439 4240 qui
1458 4177 1537 4221 eum
1555 4149 1658 4243 sepi·

244 4281 285 4330 us
315 4258 492 4348 peregrini
523 4268 558 4326 et
577 4264 716 4328 advena
736 4270 866 4347 esseut,
894 4264 1043 4328 duarum
1067 4281 1192 4330 rorum
1218 4261 1424 4348 significatio
1445 4267 1577 4332 mutata
1596 4271 1657 4332 cst.

1196 4373 1241 4462 14
