4106 4974
271 600 464 683 derenad
477 601 633 668 senatum
656 595 763 684 terri,
792 617 897 680 quarn
919 598 1072 666 delectus
1090 601 1163 662 tota
1188 598 1292 666 Italia
1315 599 1429 666 habiti
1453 607 1487 666 et
1513 593 1681 672 exercitus

269 701 454 786 conscripti
474 710 603 781 essents
623 723 693 784 quo
710 702 873 787 presidio
892 710 965 768 tute
984 712 1018 768 et
1039 703 1149 768 libere
1163 715 1317 790 senatus,
1334 706 1543 789 querella,
1564 711 1683 774 decer·

267 827 351 876 nere
363 807 550 888 'auderen''
576 806 687 872 Aliter
702 807 797 872 enim
815 809 888 872 hec
908 808 1013 872 verba
1026 828 1036 874 r
1051 805 1188 874 additis
1208 805 1406 893 praesidiis
1427 810 1592 894 explicari
1611 832 1684 876 non

266 931 366 998 posce
375 912 548 986 ridentur,
559 911 759 996 praesidium
776 910 1036 993 enimequitum
1046 916 1299 997 Romanorum,
1319 913 1410 980 circa
1419 915 1585 1000 templum
1595 914 1685 982 luis·

266 1033 304 1082 se
325 1016 448 1100 etipse
471 1025 591 1084 auctor
612 1035 715 1102 supra
734 1014 905 1100 narravit,
927 1025 961 1082 et
977 1017 1046 1080 Dio
1061 1021 1151 1084 Cass.
1172 1021 1223 1098 37.
1247 1018 1298 1081 33.
1316 1015 1421 1090 dicit:
1445 1017 1702 1116 weomadum

267 1111 518 1219 rsb‘d's‘llsss'gos
536 1115 576 1190 π’
593 1117 815 1196 lnmtlolsm
837 1117 890 1192 sal
906 1114 956 1194 liv
974 1116 1095 1219 amalr
1111 1122 1159 1196 'dc
1180 1115 1275 1196 malls
1289 1124 1411 1220 φρουρᾷ
1427 1123 1628 1222 πμωῖἔσχι.
1649 1133 1684 1190 et

267 1225 388 1290 Cicero
403 1225 610 1310 significavit
628 1226 687 1288 Or.
703 1224 753 1300 irr¹
766 1227 836 1289 Cat.
857 1241 888 1303 4.
905 1247 944 1308 73
965 1229 1026 1292 sed
1039 1226 1126 1308 quas
1142 1226 1195 1290 ihi
1215 1226 1334 1294 cicero
1360 1237 1606 1296 commemorat
1618 1249 1682 1294 vo-

268 1349 342 1416 ces,
361 1333 412 1400 ad,
424 1329 571 1394 Neronis
588 1329 794 1396 sententiam
810 1351 883 1395 non
906 1319 1096 1395 retulerim.
1116 1330 1257 1399 Caesar·
1280 1331 1333 1396 ad
1348 1354 1429 1397 eum
1449 1329 1521 1400 ubi.
1541 1336 1633 1406 Med.
1649 1337 1679 1398 3.

266 1434 330 1518 qui·
346 1435 532 1500 vorborum
552 1438 639 1500 ordo
655 1435 857 1504 Salustianae
876 1433 1032 1528 orationi
1061 1455 1167 1518 quam
1198 1435 1346 1500 maxime
1355 1444 1603 1502 consentaneus
1617 1445 1678 1512 est.

266 1541 353 1604 Cum
369 1538 433 1624 iis,
449 1559 525 1622 que
542 1540 609 1604 hoc
627 1539 707 1604 loco
723 1539 891 1604 Salustius
912 1549 1047 1625 narrat,
1065 1539 1126 1604 clr.
1141 1541 1233 1608 Plut.
1248 1541 1316 1621 Cic
1335 1559 1385 1604 ao.
1401 1557 1451 1606 ar.
1467 1540 1539 1608 Jul.
1554 1542 1633 1607 Cas·
1650 1563 1679 1624 7.

266 1645 297 1708 3.
316 1647 402 1708 esto
428 1643 514 1708 min.
529 1659 580 1706 aa.
606 1644 747 1712 sueton.
762 1647 844 1710 ces.
863 1659 912 1723 14.
935 1644 1082 1732 Appian.
1102 1647 1138 1710 Β.
1168 1643 1242 1714 civ.
1259 1646 1289 1712 3.
1305 1647 1335 1724 6,
1361 1644 1432 1712 Dio
1449 1647 1539 1710 Cass.
1551 1651 1604 1728 37.
1623 1649 1675 1716 36.

265 1749 335 1816 oie.
354 1751 449 1814 Orat.
462 1751 519 1816 lv.
541 1748 642 1818 catil.
1598 1805 1601 1812 .

346 1856 426 1939 Cap.
442 1855 497 1927 LI.
520 1853 563 1919 de
578 1849 697 1920 dubiis
709 1837 825 1918 rebus.
846 1856 959 1924 Berol.
978 1873 1008 1921 a.
1029 1857 1073 1922 de
1085 1856 1158 1922 reb.
1174 1857 1256 1923 dub.
1268 1859 1342 1924 Ber.
1357 1869 1388 1934 4.
1407 1841 1678 1943 queverbonsm

265 1957 417 2044 positio,
447 1957 666 2040 quantumvis
687 1957 732 2024 sit
757 1957 927 2045 insolita,
963 1969 1078 2026 tannen
1107 1963 1212 2026 unius
1239 1962 1325 2027 libri
1350 1962 1535 2024 auctoritas
1553 1981 1677 2043 parum

265 2061 367 2126 firma
384 2081 458 2128 esse
477 2064 629 2143 videturr
650 2083 757 2144 quare
774 2064 828 2128 nil
845 2069 1049 2129 mutandum
1070 2085 1143 2130 csse
1161 2085 1292 2131 censeo.
1314 2084 1434 2129 oerum
1453 2061 1676 2146 providet-

252 2153 385 2232 'oerum
399 2187 466 2229 orn.
476 2167 586 2230 Berol.
603 2189 629 2229 ι.
642 2169 741 2230 Hanc
751 2176 866 2231 autem
876 2187 948 2230 non
959 2188 1028 2232 esse
1040 2169 1329 2251 emendationem,
1341 2171 1402 2231 sed
1419 2167 1535 2251 potius
1548 2168 1675 2232 vitium

261 2268 558 2337 inconsiderantia
571 2268 709 2332 librarii
719 2271 953 2366 conmissum,
971 2270 1074 2335 facile
1090 2289 1292 2356 cognoscas3
1315 2271 1471 2353 quamvis
1482 2272 1675 2356 enimpro-

264 2369 453 2439 vidererel
471 2373 546 2446 sine
568 2393 647 2438 casu
670 2373 817 2460 dicitur,
844 2375 948 2456 hujus
972 2383 1088 2458 tarnen
1115 2375 1187 2442 loci
1208 2377 1313 2460 plane
1342 2375 1477 2441 diversa
1505 2385 1556 2442 est
1574 2378 1676 2459 ratio,

264 2475 621 2565 officiumnsimiliter
635 2481 793 2546 Plautus:
814 2471 1672 2570 iraobstr'titoculis-magnaest.Vcn.³.etiam
1716 2477 1718 2482 ’

263 2581 304 2648 in
316 2584 427 2648 Berol
440 2589 470 2648 3.
488 2583 605 2648 locum
623 2591 766 2669 mutat,
779 2586 819 2651 in
831 2588 941 2652 Berol.
955 2603 985 2664 4.
1012 2605 1105 2660 man.
1117 2605 1183 2651 sec.
1209 2586 1355 2650 addidit.
1375 2605 1483 2666 quare
1500 2594 1592 2650 recte
1618 2587 1675 2650 di·

151 2777 153 2784 ,
263 2705 337 2771 cas,
353 2688 497 2752 verbum
513 2689 765 2779 sulsstantivum
782 2709 855 2760 esse
875 2691 1095 2772 ejiciendum·
1121 2692 1280 2762 Ceterum
1302 2691 1447 2754 eandem
1467 2691 1674 2754 sententiam
1804 2711 1807 2716 ’

263 2807 286 2854 a
306 2791 426 2855 multis
446 2792 672 2876 scriptoribus
699 2814 892 2880 expressam
911 2798 1029 2861 habes.
1059 2793 1121 2858 cir.
1153 2795 1249 2856 Orat.
1270 2795 1447 2858 Demosth.
1478 2794 1623 2889 mellay
1642 2794 1674 2865 lv
1748 2833 1750 2838 -
1787 2873 1789 2878 Ι

262 2883 428 2991 xiiirriru.
450 2896 564 2979 initio,
575 2896 713 2963 Aristot.
728 2901 871 2962 Rhetor.
889 2921 918 2962 r.
938 2919 965 2961 r.
982 2883 1011 2978 7.
1031 2898 1187 2977 ‘llrucyd-
1204 2900 1233 2958 3.
1256 2909 1306 2969 43.
1332 2895 1400 2956 Sed
1417 2896 1489 2957 haec
1503 2897 1685 2960 sententia.

214 3035 218 3041 ·
262 2998 453 3081 vulgatior,
476 3019 580 3080 quarn
596 3007 635 3066 ut
654 3019 731 3065 eam
750 3003 794 3070 ab
816 3001 896 3066 aliis
920 2996 1337 3085 scriptoribusSalustium
1347 2996 1524 3078 repetiisse
1536 3006 1673 3065 statuas.

263 3102 537 3168 consuluerant.
561 3104 637 3169 Vat.
651 3122 682 3165 a.
697 3107 727 3166 3.
742 3107 772 3165 6.
789 3103 900 3168 Berol.
918 3128 947 3175 r.
961 3120 990 3165 a.
1006 3107 1037 3172 3.
1052 3119 1082 3178 4.
1106 3121 1182 3184 qua
1192 3099 1352 3163 lectionis
1366 3098 1513 3163 varietas
1528 3101 1673 3184 doctior,

262 3223 369 3288 quam
387 3225 464 3288 quae
480 3199 505 3268 a'
519 3205 664 3273 librario
680 3227 744 3292 per
760 3206 932 3270 incuriam
940 3205 1034 3270 'lacta
1049 3205 1105 3278 sit.
1122 3203 1252 3288 sapius
1267 3203 1360 3266 enim
1376 3207 1469 3288 apud
1486 3207 1672 3272 Salustium

263 3310 376 3376 oratio
389 3309 536 3393 obliqua
554 3310 593 3375 iu
610 3320 738 3376 rectam
762 3319 923 3376 mutatur.
961 3319 1063 3376 recte
1079 3320 1191 3393 atque
1211 3302 1349 3382 ord‘me.
1374 3309 1490 3373 Graece
1512 3308 1616 3408 rigo&
1636 3343 1671 3385 φ.
1728 3329 1735 3342 ·

263 3413 317 3484 καὶ
336 3411 412 3488 adiri
430 3413 536 3502 saiw.
567 3415 686 3490 dictio·
699 3419 791 3502 apud
811 3414 950 3478 Livium
972 3414 1144 3496 frequens.
1164 3412 1238 3478 Liv.
1261 3427 1312 3486 24.
1327 3415 1388 3492 ³13
1409 3415 1458 3480 28.
1472 3417 1531 3493 39,
1552 3419 1602 3478 3ο.
1621 3437 1671 3496 ¹7·

263 3513 402 3603 ordine,
419 3522 514 3600 quod
526 3526 576 3583 est
594 3519 759 3603 consilio,
778 3520 883 3590 etiam
902 3520 1021 3586 cicero
1038 3519 1136 3592 dixit,
1153 3525 1237 3602 Epp.
1249 3518 1294 3579 ad
1303 3518 1370 3596 Διί.
1382 3519 1412 3580 6.
1427 3534 1455 3579 s.
1476 3517 1567 3582 haec
1583 3542 1670 3588 ame

264 3607 394 3690 ordine
403 3619 541 3713 sacta,
555 3631 653 3707 puto
674 3643 733 3697 me
750 3625 872 3690 Bruto
891 3625 1149 3707 probaturum.
1169 3621 1321 3705 Philipp.
1338 3626 1367 3686 3.
1398 3624 1446 3684 15.
1470 3623 1509 3684 in
1529 3627 1625 3689 Verr.
1640 3642 1669 3690 o.

263 3729 294 3793 3.
314 3728 364 3802 84.
382 3729 504 3794 Perse.
523 3727 628 3790 etiam
645 3727 845 3792 Ciceronem
864 3731 933 3791 hoc
959 3747 1087 3806 nomeu
1111 3726 1233 3808 sapius
1256 3725 1306 3788 ita
1320 3728 1458 3804 ,flectere
1477 3727 1559 3789 satis
1584 3747 1668 3792 con-

262 3839 339 3897 stet.
358 3833 418 3894 sed
438 3831 477 3894 in
487 3831 635 3896 Salustio
650 3833 718 3896 hoc
736 3831 847 3916 magis
867 3833 1146 3913 memorandum,
1166 3832 1261 3910 quod
1277 3831 1369 3910 apud
1385 3847 1464 3896 eum
1484 3829 1588 3894 etiarn
1599 3834 1669 3914 (leq

265 3936 327 4000 nit.
354 3932 481 3999 Persei
495 3955 555 4000 seu
571 3932 682 4001 Persi
698 3935 838 4022 legitur.
870 3933 930 3998 cir.
944 3932 1134 4012 Schneider
1153 3936 1195 3997 de
1209 3935 1324 4008 Form.
1343 3933 1381 3996 Ι..
1395 3934 1432 3996 L.
1448 3953 1482 4017 p.
1494 3942 1532 4015 73
1548 3942 1665 4003 et315.

264 4057 340 4118 seq.
369 4037 597 4104 alanorum
616 4077 660 4092 -
675 4036 841 4106 alodios
860 4058 901 4103 eo
922 4048 1077 4121 tempore
1096 4037 1219 4121 opibus
1241 4037 1383 4102 maximi
1400 4039 1554 4104 nomiae
1574 4041 1674 4108 inter.
1790 4029 1793 4034 '

265 4159 385 4211 omnes
399 4141 481 4206 satis
502 4152 653 4225 constan
671 4143 736 4222 cir,
752 4144 827 4209 Lir.
839 4159 890 4222 44.
904 4160 954 4208 aa.
975 4136 1175 4228 (civitatem
1189 4140 1289 4228 dicit,
1295 4162 1410 4225 penes
1426 4165 1534 4226 quam
1551 4161 1664 4212 uuam

1238 4275 1330 4352 ,17
