4116 4970
396 371 442 445 52

396 569 464 632 hoc
485 582 578 636 certe
595 574 674 654 loco
695 575 977 661 improbandum
1003 597 1147 661 sequeus
1168 575 1261 641 enim
1279 564 1649 661 plusquamperfectum
1670 597 1794 664 repug-
1864 571 1872 576 “

396 682 465 736 nat.
508 676 667 742 simulac
689 680 775 744 belli
787 684 944 767 patiens.
976 683 1140 749 varietati
1161 682 1331 766 lectionis,
1351 702 1391 745 ex
1410 683 1571 765 plurimis
1579 683 1794 746 Coddnota·

398 785 448 860 tae,
469 781 530 843 has
546 784 650 844 Codd.
672 786 870 852 Italicorum
894 789 1137 874 discrepantias
1158 789 1267 850 addes
1287 789 1360 850 Vat.
1375 811 1401 848 a.
1417 783 1574 852 Laboris
1587 786 1673 848 belli
1684 783 1794 848 simu·

395 883 609 966 Iacpatiens
631 899 721 972 erat,
739 887 777 953 in
799 893 933 956 castris
947 893 1189 977 perlatorem
1209 911 1276 954 usu
1291 887 1462 954 militiam
1479 889 1674 954 discebant.
1695 890 1791 956 Barb.

318 1001 320 1008 ·
398 1005 424 1045 r.
444 985 556 1050 simul
573 989 747 1079 juventus
768 1017 813 1058 ac
834 994 921 1060 belli
939 1007 1000 1061 etc.
1016 1019 1086 1080 per·
1106 996 1267 1061 laborem
1285 1005 1320 1058 et
1336 1015 1414 1062 usu.
1430 995 1527 1058 Barb.
1539 999 1568 1057 3.
1589 992 1703 1057 simul
1720 993 1792 1058 bel-

396 1088 426 1153 li
443 1094 502 1176 (ac
522 1115 566 1156 m.
587 1115 630 1158 sc.
652 1098 812 1182 addidit)
840 1103 937 1171 Barla
961 1119 989 1178 4.
1013 1097 1254 1183 bellipotens.
1275 1101 1366 1165 Med.
1388 1120 1436 1166 rr.
1477 1095 1632 1190 simulac
1653 1097 1792 1164 laboris

394 1217 439 1258 ac
460 1195 690 1264 belliVen.1.
713 1201 848 1268 laboris
868 1203 954 1268 belli
975 1203 1130 1268 simulac
1146 1201 1294 1287 patiens
1314 1201 1501 1266 discebant
1520 1223 1587 1266 usu
1609 1199 1790 1266 militiam.

394 1303 476 1368 Ven.
501 1320 528 1364 a.
548 1303 704 1368 simulac
724 1305 864 1380 loboris
885 1307 978 1372 delli.
999 1311 1073 1374 Ven
1095 1325 1125 1386 4.
1145 1305 1302 1370 simulac
1317 1303 1456 1371 laboris
1475 1349 1484 1368 .
1505 1347 1515 1370 .
1534 1303 1709 1390 .patiens
1720 1327 1792 1391 per

394 1407 557 1469 lahorem
579 1419 614 1472 et
635 1431 714 1474 usu.
734 1415 818 1476 Ven.
836 1434 862 1480 r.
883 1415 1039 1494 Flor.17.

453 1513 501 1573 Ac
520 1512 671 1596 primurn
693 1517 832 1597 quidem
855 1517 994 1582 laboris
1011 1518 1158 1601 glossam
1177 1535 1248 1581 esse
1264 1515 1308 1578 ab
1324 1514 1368 1578 iis
1383 1513 1606 1599 adscriptam,
1626 1514 1687 1597 qui
1705 1512 1790 1578 tetta·

386 1613 590 1695 patientem
613 1641 686 1684 esse
707 1622 811 1684 nimis
844 1621 1024 1684 insolitum
1047 1621 1186 1684 dicendi
1207 1639 1313 1706 genus
1328 1629 1510 1702 putarent,
1530 1639 1631 1682 nemo
1648 1639 1717 1682 nou
1735 1618 1789 1682 in-

394 1715 533 1804 telligit3
555 1725 592 1786 id
614 1727 708 1807 quod
730 1725 906 1789 confirmat
926 1727 1121 1810 Diomedes,
1141 1725 1202 1818 qui
1223 1743 1301 1808 pag.
1316 1728 1385 1798 430.
1405 1725 1465 1785 Ed.
1480 1725 1614 1786 Putsch.
1626 1725 1717 1785 bunc
1736 1722 1789 1786 lo-

394 1831 469 1886 cum
491 1828 624 1912 laudat,
644 1841 746 1910 atquc
770 1828 909 1894 laboris
929 1831 1065 1908 omisit;
1085 1850 1126 1893 ex
1147 1833 1268 1894 eodem
1289 1829 1367 1892 loco
1387 1827 1614 1912 intelligitur,
1633 1825 1787 1889 simulac

394 1953 413 1994 a
435 1931 582 1995 Salustio
604 1934 766 2017 scriptum
788 1932 910 2010 fuisse;
933 1953 1012 1995 nam
1047 1936 1090 1996 de
1111 1933 1182 2010 ejus
1202 1933 1379 2016 particulae
1392 1933 1508 2015 positu
1529 1931 1682 1994 illoloco
1704 1929 1787 1992 Dio·

392 2039 505 2100 medes
526 2037 686 2120 disputat.
711 2039 776 2101 Sed
791 2039 899 2102 altero
915 2038 1069 2102 membro
1078 2038 1183 2100 rerba
1195 2037 1436 2120 perlatorem
1448 2057 1468 2100 a
1479 2035 1786 2122 glossatoreaddita

392 2143 535 2225 dixeris,
555 2147 648 2224 quod
666 2164 685 2205 a
701 2145 922 2226 sequentibus
932 2163 1053 2226 parum
1066 2136 1244 2224 differunt,
1267 2149 1301 2204 et
1322 2141 1359 2205 in
1381 2161 1451 2205 uno
1473 2150 1562 2206 certe
1574 2141 1666 2203 libro
1682 2159 1786 2202 omas-

392 2267 428 2308 sa
448 2256 541 2323 sunt3
570 2269 680 2328 neque
702 2248 882 2330 quisquam
902 2249 951 2312 eis
972 2247 1107 2312 omissis
1129 2247 1264 2330 aliquid
1285 2245 1540 2310 desideraverit.
1581 2247 1647 2308 Sed
1676 2246 1786 2308 obstat
1827 2327 1830 2334 .

392 2361 440 2426 tot
455 2353 559 2418 Codd.
585 2353 767 2414 auctoritas
788 2363 819 2414 ct
842 2354 915 2433 ipsa
935 2353 1095 2415 lectionis
1114 2353 1279 2434 varietas,
1294 2372 1365 2432 per
1385 2347 1523 2414 laboris
1544 2371 1647 2412 usum
1670 2358 1704 2412 et
1715 2371 1784 2432 per

390 2457 549 2546 laborem
572 2467 607 2519 et
628 2477 752 2539 usum,
772 2461 864 2520 unde
885 2467 974 2520 recte
995 2457 1154 2542 colligas,
1175 2455 1353 2538 antiquam
1374 2475 1445 2520 csse
1471 2458 1560 2518 hanc
1582 2455 1785 2520 lectionem.

389 2578 490 2638 quam
512 2559 648 2620 librarii
667 2560 763 2620 vario
786 2563 890 2621 modo
913 2565 1094 2622 emendare
1116 2571 1314 2622 statuerunt.
1356 2565 1441 2623 Nam
1456 2581 1500 2623 ne
1515 2559 1569 2621 illi
1586 2559 1725 2639 quidem
1739 2557 1784 2620 li-

388 2663 462 2749 bri,
483 2664 543 2744 qui
564 2664 679 2746 priore
701 2665 855 2724 membro
878 2660 1014 2725 laboris
1028 2663 1173 2745 habent,
1193 2664 1386 2746 posteriorc
1407 2665 1566 2729 laborem
1588 2664 1761 2728 omittunt.

475 2771 524 2834 In
545 2767 679 2832 castris
695 2767 964 2852 perlatorem,
992 2787 1060 2830 usu
1083 2767 1298 2830 abundanter
1310 2768 1439 2832 dictum
1459 2769 1571 2832 sideri
1591 2789 1661 2830 non
1683 2787 1783 2853 nega·

382 2875 511 2954 rerim3
533 2875 647 2938 nihilo
658 2875 772 2937 minus
782 2883 895 2939 tamen
906 2873 1180 2954 conjicerclicet‚
1202 2895 1263 2937 cur
1284 2885 1402 2938 auctor
1420 2871 1521 2959 plura
1539 2873 1781 2956 composuerit,

382 2985 483 3045 Haud
515 2980 619 3045 dubie
641 2982 734 3045 enirn
755 3001 824 3046 suae
845 2981 951 3044 aetatis
977 3001 1089 3044 mores
1113 2979 1168 3041 his
1195 2980 1309 3042 verbis
1326 2979 1544 3066 perstringit,
1575 2979 1635 3060 qui
1655 2997 1675 3040 a
1694 2977 1782 3061 pris·-

383 3109 422 3149 ca
439 3089 615 3149 severitate
637 3085 838 3150 alienissimi
853 3080 965 3150 ‘crant
983 3087 1071 3148 Tum
1093 3085 1256 3169 temporis
1272 3086 1365 3148 euim
1386 3085 1423 3149 in
1445 3085 1545 3166 urbe,
1563 3081 1658 3146 actis
1667 3080 1782 3170 majo-

381 3211 462 3254 rum
477 3198 512 3250 et
524 3183 747 3252 Graecorum
758 3188 974 3271 praeceptis.
996 3191 1161 3280 (clnlug.
1178 3211 1204 3250 c.
1215 3191 1283 3270 85.)
1304 3189 1468 3252 militiam
1478 3188 1663 3250 discebant.
1696 3191 1778 3270 Quae

383 3295 411 3358 si
425 3293 643 3378 reputaveris,
664 3294 787 3354 hocin
809 3293 886 3353 loco
908 3303 1080 3352 auctorem
1100 3292 1246 3354 consilio
1268 3313 1289 3355 a
1308 3294 1409 3356 solita
1431 3292 1595 3355 brevitate
1609 3291 1780 3355 recessisse

382 3409 525 3482 statues,
545 3419 657 3479 neque
678 3398 716 3460 in
738 3418 778 3460 eo
799 3391 964 3480 offendes,
985 3397 1079 3476 quod
1088 3393 1185 3458 nulla
1201 3396 1324 3479 copula
1337 3397 1537 3480 interposita
1550 3397 1686 3480 singula
1703 3415 1780 3460 ora-

379 3504 485 3570 tionis
505 3503 656 3565 membra
664 3502 782 3577 juucta
791 3508 879 3562 sunt.
900 3502 1071 3581 Asyndeta
1083 3499 1174 3560 enim
1184 3501 1350 3564 sermonis
1360 3502 1539 3585 emphasin
1550 3512 1685 3585 augent.
1706 3503 1779 3567 Lu-

379 3606 533 3674 bidinem
554 3605 705 3680 labem
740 3603 810 3667 lub.
832 3623 902 3666 non
924 3603 963 3664 in
995 3601 1123 3664 malum
1144 3613 1275 3686 partem
1298 3605 1582 3690 intelligendum,
1611 3609 1670 3668 sed
1699 3601 1779 3668 oni-

381 3737 480 3790 mus,
501 3711 704 3797 appetitus,
724 3707 889 3792 laetitia,
912 3703 1117 3773 delectatio.
1159 3710 1227 3782 Cic,
1248 3713 1345 3774 Tusc.
1368 3713 1482 3795 Quaest
1503 3727 1531 3786 4.
1562 3715 1589 3772 6.
1617 3751 1633 3784 4
1646 3713 1694 3772 Ex
1713 3709 1778 3774 bo-

382 3819 437 3883 nis
457 3819 641 3882 libidinem
663 3816 869 3899 ctlaetitiam,
889 3825 925 3877 ut
946 3815 991 3877 sit
1011 3813 1130 3877 laetitia
1148 3817 1366 3899 praesentium
1386 3817 1572 3899 bonorum,
1593 3815 1706 3879 libido
1723 3815 1778 3877 su·
1812 3795 1824 3814 ⁵

380 3933 545 3986 turorum.
576 3925 641 3984 Sed
673 3922 774 3984 etiam
796 3921 840 3980 ad
861 3919 1039 4002 praesentia
1054 3919 1197 3982 refertur
1210 3922 1343 3982 lubido.
1364 3920 1453 3982 Plin.
1464 3925 1494 3982 ³.
1511 3937 1538 3982 2.
1561 3921 1690 4000 quippe
1704 3937 1776 3982 non

380 4030 518 4093 citharae
540 4025 725 4108 tragicique
747 4033 864 4086 cantus
884 4023 994 4084 libido
1015 4023 1070 4084 illi
1091 4023 1200 4102 major
1220 4025 1296 4086 fuit.
1336 4025 1492 4104 Gell.19·
1511 4043 1538 4100 4.
1560 4024 1673 4086 libido
1703 4023 1776 4086 uri·

381 4155 434 4200 nae
455 4131 597 4196 lacessit.
626 4131 707 4189 Cato
728 4129 768 4186 R.
789 4128 829 4192 R,
855 4127 923 4186 156.
955 4125 1023 4186 Ubi
1043 4126 1156 4189 libido
1175 4128 1269 4192 venit
1289 4131 1432 4191 nauseae.
1465 4131 1592 4190 Auctor
1612 4128 1774 4209 Ep.ll.ad

379 4243 458 4312 Caes.
474 4243 516 4302 de
527 4231 744 4318 Rep.·0rd.si
755 4229 819 4295 tibi
832 4231 923 4292 bona
933 4230 1045 4292 libido
1066 4229 1171 4292 luerit
1191 4231 1319 4315 patrias,
1338 4233 1537 4316 parentibus
1546 4229 1772 4317 gratificandi.

384 4341 444 4406 cir.
462 4345 550 4406 Non.
567 4337 757 4404 Marcellin.
778 4337 833 4404 vl.
851 4356 899 4418 ²9·
922 4333 1053 4398 habere
1073 4329 1269 4400 lubidinem
1288 4337 1312 4400 i.
1333 4358 1363 4403 e.
1382 4334 1426 4402 iis
1446 4336 1605 4417 libidini,
1627 4334 1776 4419 latitia,
