4116 4970
1607 382 1794 506 ιδ’

319 606 431 672 Intra
439 601 631 696 legitimos.
644 602 888 670 trinundinum
896 604 1080 695 inteiligit,
1089 609 1132 674 de
1141 625 1211 691 quo
1221 603 1313 692 apud
1321 601 1472 668 Macrob.
1481 601 1615 666 saturn.
1630 621 1660 665 r.

262 715 307 775 ι6.
329 711 482 776 Rutilius
501 710 640 795 scribit,
661 712 836 774 Romanos
858 709 1048 789 iustiorisre
1058 713 1241 798 nundinas,
1260 720 1299 776 ut
1318 715 1397 774 octo
1418 705 1561 788 quidem
1583 705 1658 771 die·

256 817 321 880 bus
340 817 379 899 in
399 816 490 903 agris
509 816 630 881 rustici
650 835 737 901 opus
755 815 924 901 facerent,
944 837 1038 883 nono
1054 827 1169 884 autem
1190 818 1248 884 die
1268 813 1480 906 intermisso,
1514 830 1595 877 rure
1618 813 1663 876 ad

257 929 445 986 mercatum
464 921 626 1008 legesque
646 901 863 1004 accipiendas
883 923 1030 994 Romam
1048 923 1225 1006 venirent,
1241 929 1280 1012 ¹et
1298 927 1339 983 ut
1358 917 1444 982 scita
1461 925 1565 1000 atque
1579 934 1663 980 con-

255 1025 346 1091 sulta
364 1025 600 1108 frequentiore
620 1025 751 1110 populo
772 1024 996 1114 referrentur,
1022 1047 1099 1111 quae
1126 1026 1331 1091 trinundino
1360 1022 1419 1086 die
1443 1022 1620 1107 proposita
1640 1009 1682 1086 a

255 1129 526 1216 singulis-atque
547 1129 716 1195 universis
727 1129 829 1196 facile
848 1133 1095 1211 noscebantur3
1114 1134 1210 1195 uude
1229 1127 1333 1195 etiam
1355 1146 1429 1192 mos
1453 1134 1600 1210 tractus,
1618 1133 1658 1189 ut

255 1236 349 1321 leges
369 1233 574 1300 “mondino
595 1233 654 1300 die
672 1236 985 1324 promulgarentur.
1016 1241 1065 1301 Ea
1082 1257 1119 1303 re
1139 1235 1243 1302 etiam
1264 1232 1456 1298 candidatis
1474 1249 1556 1297 usus
1575 1228 1660 1313 fuit,

259 1340 298 1403 in
319 1337 499 1403 comitium
519 1337 687 1405 nundinis
704 1340 849 1427 venire,
875 1349 911 1407 et
930 1343 969 1406 in
989 1344 1080 1409 colle
1101 1341 1301 1423 consistere,
1331 1340 1425 1402 unde
1446 1355 1561 1401 coram
1581 1351 1661 1419 pot-

255 1453 332 1510 sent
351 1445 395 1508 ab
415 1445 586 1509 universis
603 1445 729 1511 videri.
750 1445 812 1511 cfr.
834 1445 902 1512 Cic.
923 1450 983 1535 Ep.
1006 1447 1276 1515 adDir.16.rr.
1296 1445 1360 1510 ubi
1381 1447 1556 1523 Caesarem,
1579 1459 1660 1504 can·

254 1547 414 1613 didaturn
422 1551 632 1635 consulatus,
650 1550 843 1636 professum
862 1571 935 1617 esse
954 1551 1050 1638 dicit,
1068 1572 1105 1619 se
1119 1551 1362 1618 trinundinum
1376 1547 1574 1634 petiturum.
1590 1544 1658 1610 Cic.

254 1651 553 1736 Pnilsssffli
562 1655 621 1719 lea
638 1651 802 1721 Caecilia
812 1653 998 1722 etDt'dt'a?
1016 1652 1342 1748 ubipromalgatt’o
1353 1649 1658 1718 trinundinumt”

232 1755 317 1828 air.
336 1757 511 1823 Drakenb.
528 1762 573 1823 ad
594 1759 668 1825 Liv.
681 1765 712 1824 ³.
725 1763 777 1827 35.
796 1771 831 1827 et
851 1760 921 1827 cic.
939 1781 1005 1848 pro
1029 1765 1152 1828 Domo.
1166 1766 1235 1826 ro:
1254 1757 1332 1846 «δι’,
1354 1760 1454 1844 quod
1470 1757 1510 1823 t'n
1531 1751 1660 1820 ceteris

200 1891 208 1898 ·
255 1856 396 1948 legibus
415 1860 673 1928 trinundinum
692 1885 768 1930 esse
787 1875 956 1952 oportet,
986 1863 1029 1932 r'd
1044 1863 1083 1932 ia
1103 1862 1302 1952 adoptione
1321 1860 1414 1930 satis
1433 1872 1511 1946 ert,
1545 1857 1659 1924 trium

255 1965 544 2054 anchorarum,
565 1965 663 2031 nituit
679 1969 932 2054 reprehendo''.
959 1973 1030 2038 Lex
1049 1973 1187 2040 Caecilia
1205 1971 1312 2036 Didia
1336 1969 1440 2034 etiam
1461 1969 1504 2030 ad
1527 1965 1661 2028 trinun-

254 2067 379 2132 dinum
391 2071 598 2155 pertinuisse
608 2073 757 2144 ridetur.
784 2077 853 2141 Sed
873 2085 945 2141 tota
964 2098 1019 2143 res
1039 2099 1110 2142 non
1129 2076 1211 2143 satis
1230 2077 1399 2140 illustrata
1418 2079 1478 2138 est.
1498 2074 1585 2134 Nam
1597 2086 1659 2132 ne·

255 2191 324 2253 que
343 2173 416 2236 Nic.
437 2176 626 2260 Gruchius,
658 2197 762 2260 quem
782 2178 919 2245 Cortius
937 2181 1110 2265 laudavit,
1130 2187 1159 2246 3.
1173 2195 1205 2257 4.
1224 2189 1257 2245 et
1274 2201 1301 2241 ι.
1315 2195 1343 2255 4.
1374 2181 1464 2241 hanc
1485 2194 1558 2239 rem
1579 2172 1659 2236 satis
1684 2221 1689 2226 .

261 2285 419 2342 accurate
442 2279 609 2365 excussit,
629 2300 742 2363 neque
762 2282 825 2366 qni
845 2285 1044 2368 nuperrime
1063 2285 1101 2348 in
1122 2287 1267 2350 eandem
1292 2303 1366 2347 rem
1391 2279 1658 2364 inquisiverunt,

254 2381 431 2447 Schulaius
452 2391 485 2447 et
497 2386 678 2450 Greuaerus
699 2385 902 2474 diligentius
923 2393 967 2455 de
988 2391 1055 2454 hac
1074 2411 1111 2455 re
1132 2391 1359 2475 disputarunt.
1383 2380 1558 2471 profiteri
1575 2408 1588 2446 .·
1619 2402 1659 2446 o·

254 2487 415 2569 portabat
435 2489 636 2556 candidatos
655 2499 736 2557 ante
764 2493 992 2558 comitiorum
1022 2494 1116 2560 diem
1149 2515 1212 2561 sua
1229 2495 1373 2558 nomina
1392 2489 1548 2577 profiteri
1568 2489 1661 2572 apud

255 2591 492 2679 magistratum
511 2594 632 2681 illum,
652 2597 715 2678 qui
735 2597 877 2661 comitia
896 2599 1077 2664 habiturus
1098 2609 1179 2664 erat.
1192 2599 1261 2662 ‘cin
1279 2598 1400 2677 Vellej.
1418 2619 1445 2660 a.
1457 2617 1530 2676 9²⁸
1550 2612 1659 2668 «nam

255 2705 292 2761 et
313 2707 548 2782 quaesturam
564 2709 747 2788 petentes,
768 2721 859 2787 quos
879 2700 1051 2792 indIgnos
1061 2701 1262 2795 judicavit,
1274 2697 1450 2790 prqfiteri
1467 2695 1660 2765 vetuit''-

255 2799 468 2883 nequiuerat
488 2801 590 2868 multi
610 2807 718 2869 Codd.
738 2807 863 2872 Italici.
897 2809 928 2872 si
948 2805 1159 2891 nequiverat
1179 2815 1299 2870 auctor
1318 2807 1479 2889 scripsit,
1509 2801 1659 2868 Catilina

231 2895 363 2971 'serius
383 2926 424 2972 ex
443 2907 559 2970 Africa
578 2911 725 2971 Romam
746 2910 889 2974 rediisse
907 2915 1080 2995 putandus
1101 2921 1172 2988 cst3
1192 2914 1251 2974 sed
1271 2913 1338 2973 hoc
1358 2909 1460 2972 aliter
1475 2927 1511 2972 se
1532 2907 1659 2968 habere

252 3011 325 3088 jam
344 3031 447 3096 supra
468 3013 685 3092 monuimus;
717 3009 918 3096 nequiuerat
936 3022 1051 3078 autem
1070 3017 1137 3078 hoc
1157 3023 1353 3078 senatorum
1374 3012 1477 3076 fuisse
1486 3008 1659 3087 judicium

257 3117 487 3198 demonstrat,
518 3118 613 3198 quod
632 3116 774 3179 Ascomi
795 3118 992 3183 testimonio
1012 3118 1177 3181 firmatur.
1206 3116 1267 3200 qui
1287 3117 1335 3179 ita
1356 3115 1393 3178 in
1415 3117 1509 3179 Com.
1530 3111 1658 3186 inCic.

192 3245 195 3252 ⁴
256 3221 316 3291 Or.
339 3219 377 3283 in
396 3221 491 3304 Toga
511 3221 616 3282 Caud.
635 3243 669 3304 p.
687 3236 754 3299 149.
774 3221 864 3284 Edit.
884 3225 1104 3308 Lugdunens.
1124 3263 1141 3298 a
1155 3223 1263 3286 Paulo
1284 3231 1365 3284 ante
1385 3219 1543 3302 diximus,
1568 3216 1659 3280 cati-

256 3325 383 3400 linam,
404 3344 482 3388 cum
502 3328 546 3388 de
554 3325 734 3409 provincia
744 3325 859 3390 Africa
879 3330 1067 3413 decederet,
1086 3327 1255 3412 petiturus
1273 3327 1498 3408 consulatum,
1513 3332 1545 3386 et
1555 3320 1660 3406 legati

229 3479 232 3486 .
256 3428 332 3493 atri
352 3429 463 3511 questi
485 3432 528 3493 de
549 3449 591 3493 eo
611 3429 651 3492 in
670 3441 792 3496 senatu
811 3430 976 3518 fuissent,
995 3452 1114 3519 graves
1134 3433 1259 3496 multas
1272 3429 1456 3494 sententias
1470 3432 1512 3492 de
1526 3446 1568 3491 eo
1587 3426 1661 3489 dic-

259 3541 411 3628 teresse.
443 3537 561 3617 Itaque
582 3555 660 3598 curn
680 3536 854 3620 professus
875 3537 1001 3602 deinde
1022 3547 1134 3622 esset,
1161 3547 1277 3622 petere
1297 3555 1333 3600 se
1355 3535 1589 3614 consulatum,
1618 3533 1656 3594 1.

258 3639 434 3703 Volcatius
442 3640 564 3704 Tullus
585 3641 724 3726 consul,
745 3642 930 3708 consilium
950 3644 1129 3728 publicum
1150 3643 1291 3723 habuit,
1312 3660 1358 3703 an
1378 3639 1548 3702 rationem
1569 3634 1659 3696 Cati-

258 3742 339 3806 linae
360 3742 488 3808 habere
510 3745 667 3828 deberet,
688 3745 718 3808 si
739 3753 870 3828 peteret
891 3748 1115 3810 consulatum.
1148 3749 1234 3807 Nam
1264 3745 1480 3825 quaerebatur
1500 3748 1659 3823 repetun-

258 3849 389 3910 darum.
416 3849 565 3911 Catilina
584 3849 630 3912 oh
651 3867 727 3912 eam
748 3869 884 3912 causam
905 3850 1036 3914 destitit
1056 3869 1076 3912 a
1095 3847 1272 3932 petitione.
1285 3845 1357 3896 ’'-
1372 3843 1549 3912 CmPt'so.
1571 3843 1661 3922 ejus-

259 3953 338 4016 dcm
357 3952 411 4016 rei
434 3953 563 4016 mentio
585 3953 624 4016 iit
645 3955 737 4036 apud
759 3953 959 4018 Ciceronem
978 3973 1043 4037 pro
1065 3956 1218 4017 Murrena
1238 3971 1309 4035 cap.
1334 3951 1373 4012 38
1409 3969 1473 4034 pro
1490 3951 1588 4014 Sulla
1611 3966 1659 4025 ιι.

259 4064 293 4118 et
327 4055 395 4118 cic.
416 4058 477 4118 Or.
497 4057 535 4119 in
554 4059 650 4142 Toga
672 4059 826 4121 Candida
846 4077 923 4142 pag.
938 4059 1016 4121 uit.
1036 4055 1263 4132 «Praetereo
1285 4052 1388 4118 illum
1410 4051 1594 4145 nefarium
1616 4072 1659 4120 co

259 4167 388 4222 natum
410 4171 513 4222 tuum
535 4171 571 4224 et
586 4183 705 4245 paene
724 4161 894 4226 acerbum
915 4171 951 4226 et
972 4163 1179 4229 luctuosum
1196 4163 1337 4247 populo
1363 4163 1532 4228 Romano
1554 4153 1663 4240 diemg,

1117 4284 1163 4370 to
