4116 4970
293 642 431 713 simum.
455 641 514 705 cir.
535 643 695 727 iugurth.
711 661 740 705 c.
754 643 802 704 63.
844 636 971 706 Etiam
992 643 1064 706 hoc.
1087 642 1166 705 loco
1187 648 1255 705 non
1286 647 1335 707 est
1356 642 1608 730 copulativam,
1635 649 1695 712 sed
1717 704 1719 710 ,

291 747 385 810 idem
397 747 558 831 exprimit
577 749 671 828 quod
694 747 814 810 adhuc
839 745 890 809 cir
910 751 1046 812 Terent.
1065 749 1169 810 Andr.
1182 753 1252 811 3.a.
1268 752 1316 810 23.
1329 726 1414 812 'Non
1437 748 1518 812 satis
1545 769 1600 814 me
1616 771 1695 833 per·

293 853 384 916 nosti
405 853 517 916 etiam.
558 855 666 916 Varro
686 853 724 914 L.
737 854 775 914 L.
796 854 826 917 5.
848 872 875 914 c.
890 873 919 931 7.
941 850 1021 913 sano
1043 853 1306 914 consumebatur
1324 871 1445 936 omne,
1466 857 1559 934 quod
1579 855 1694 938 prosa·-

289 976 375 1020 num
396 965 543 1041 erat,ut
564 956 666 1018 etiam
686 955 734 1017 fit.
777 955 913 1018 Cortius
940 956 1007 1015 hoc
1034 953 1072 1015 in
1103 954 1181 1017 loeo
1202 947 1385 1018 offendisse
1416 956 1571 1042 videtur,
1599 962 1692 1040 quod
1784 960 1790 974 ’

289 1065 480 1144 asyndeton
502 1081 573 1126 esse
594 1080 665 1122 non
686 1058 866 1122 intellexit.
886 1053 979 1145 Cyri
996 1057 1213 1140 potissimum
1234 1058 1445 1122 mentionem
1466 1059 1623 1138 injecisse
1641 1064 1694 1128 vi-

289 1166 390 1228 detur
407 1165 589 1249 Salustius,
609 1167 703 1246 quod
723 1164 766 1226 ab
787 1183 829 1226 eo
850 1161 1005 1225 certioris
1025 1160 1177 1224 historiae
1198 1162 1338 1224 initium
1359 1163 1407 1225 iit.

367 1269 541 1334 Invasere
560 1269 635 1332 sine
655 1288 750 1351 casu,
768 1266 891 1351 saepius
919 1267 1012 1349 apud
1031 1265 1227 1330 Salustium.
1249 1265 1308 1328 clr.
1328 1267 1405 1354 lug.
1428 1289 1455 1332 c.
1475 1283 1525 1344 41.
1548 1270 1691 1334 avaritia

286 1370 362 1434 sine
382 1375 486 1434 modo
506 1372 741 1452 modestiaque
761 1371 941 1449 invadere3
961 1373 1031 1432 Cat.
1052 1391 1080 1433 e.
1096 1389 1143 1431 ro.
1165 1371 1324 1456 contagio
1346 1371 1480 1435 invasit.
1509 1373 1576 1438 Cie.
1592 1378 1635 1438 de
1647 1379 1688 1443 N.

172 1533 177 1540 .
285 1477 327 1537 D.
352 1498 378 1537 ι.
402 1478 448 1540 ι5.
470 1475 563 1561 ignis
582 1497 788 1558 quocunque
807 1476 949 1559 invasit,
970 1475 993 1538 i.
1010 1494 1040 1540 e.
1059 1473 1162 1537 latius
1181 1494 1332 1559 serpere3
1353 1477 1514 1544 similiter
1534 1479 1688 1544 Graecum

284 1576 418 1650 s’ntt'rat.

366 1688 540 1750 Fortuna
559 1678 673 1748 simul
689 1707 771 1749 cum
792 1682 964 1752 moribus.
991 1680 1122 1769 Simul,
1141 1689 1235 1768 quod
1256 1687 1392 1751 Cottius
1412 1696 1603 1774 suspectum
1623 1691 1687 1752 ha-

283 1790 374 1873 buit,
394 1789 510 1858 omisit
534 1789 624 1853 Flor.
644 1811 674 1870 9.
695 1810 765 1871 quo
786 1791 913 1854 omisso
933 1789 1006 1852 vim
1026 1790 1193 1853 orationis
1212 1791 1375 1854 imminui
1396 1812 1497 1856 nemo
1513 1801 1580 1877 est,
1601 1793 1687 1875 quin

279 1893 465 1979 intelligat.
506 1895 634 1958 Auctor
652 1894 746 1958 enim
765 1904 804 1958 ut
824 1897 980 1979 doceret,
1000 1895 1145 1958 alterum
1162 1896 1205 1958 ab
1226 1895 1335 1960 altero
1351 1897 1455 1979 plane
1467 1897 1602 1982 sejungi
1614 1916 1687 1960 non

280 2017 397 2081 posse,
418 1996 727 2082 illamparticulam
746 1998 880 2076 adjecit.
902 1998 1072 2062 Similiter
1093 1998 1228 2062 Cornel.
1250 2003 1363 2082 Nepos
1383 2000 1463 2064 Vita
1476 1999 1639 2063 Eumenis
1659 2021 1687 2064 c.

281 2105 310 2166 ³.
331 2102 575 2186 ..intelligebat
598 2100 712 2184 copias
730 2101 834 2164 simul
855 2122 933 2164 cum
954 2103 1078 2166 nuntio
1100 2103 1303 2185 dilapsuras.
1313 2102 1331 2134 ’'
1362 2102 1421 2166 Ab
1440 2100 1578 2186 optimo
1596 2123 1686 2185 quo·
1748 2175 1753 2186 .

282 2226 350 2286 que
371 2205 423 2267 ad
431 2203 552 2267 minus
567 2205 699 2270 bonum
717 2205 805 2267 Flor.
817 2226 847 2284 9.
871 2205 1012 2288 Scripsit
1030 2205 1078 2266 ita
1099 2204 1272 2288 librarius,
1293 2205 1408 2268 saeculi
1430 2209 1532 2270 credo
1554 2227 1686 2272 rnorem

279 2309 466 2372 declarans.
498 2309 601 2390 Quae
615 2306 776 2372 homines
787 2316 900 2372 arant
911 2303 1106 2394 navigant,
1124 2310 1197 2373 haec
1215 2310 1399 2373 verborum
1410 2310 1570 2390 junctura
1581 2313 1686 2397 plane

279 2411 437 2492 insolita;
455 2422 580 2477 terram
601 2432 696 2476 arare
715 2413 850 2496 poetice
871 2413 1015 2495 dicitur,
1036 2413 1169 2496 colere,
1189 2414 1380 2499 possidere3
1402 2414 1461 2479 cfr.
1472 2417 1556 2478 Hor.
1575 2419 1684 2501 Epod.

277 2523 384 2601 4,13:
403 2559 421 2592 s
433 2520 516 2581 Arat
528 2518 665 2581 Falerni
685 2519 782 2581 mille
802 2518 903 2580 fundi
917 2518 1080 2603 jugera'’;
1102 2529 1174 2580 tum
1191 2517 1295 2582 etiam
1311 2523 1440 2582 arando
1457 2541 1556 2607 agros
1570 2521 1684 2606 fruges

276 2623 470 2706 percipere,
490 2625 575 2687 Hor.
585 2625 650 2686 Od.
660 2628 690 2687 3.
703 2627 759 2708 16,
773 2626 812 2685 26
825 2644 835 2686 ε
854 2663 871 2697 q
884 2623 914 2686 si
928 2622 1099 2704 quidquid
1121 2631 1194 2683 arat
1208 2621 1357 2706 impiger
1368 2625 1545 2710 Appulus,
1566 2627 1683 2691 occul·

275 2738 347 2792 tare
367 2727 453 2791 meis
472 2729 605 2794 dicerer
621 2728 766 2793 horreis.
775 2728 794 2760 ”
815 2725 1001 2817 Navigare
1017 2727 1157 2811 proprie
1179 2727 1294 2790 navim
1316 2748 1416 2812 agere
1437 2730 1496 2793 cir.
1519 2732 1598 2816 Ulp.
1618 2731 1681 2794 Di-

274 2841 357 2918 gest.
377 2833 439 2894 lib.
454 2847 484 2908 4.
506 2833 563 2895 tit.
581 2854 611 2912 9.
631 2833 698 2916 leg.
720 2855 748 2896 r.
776 2842 887 2896 nautae
909 2831 1127 2915 appellantur
1148 2849 1287 2913 omnes,
1314 2831 1376 2912 qui
1398 2833 1494 2895 navis
1515 2834 1680 2919 navigan·

273 2939 326 3002 dae
344 2956 445 3000 causa
466 2935 505 2997 in
525 2937 614 2998 mari
635 2945 724 2999 sunt.
750 2937 827 2998 lam
847 2956 925 2997 cum
946 2933 1052 2999 etiam
1074 2952 1222 2996 oceanus
1243 2933 1400 3018 navigari
1420 2935 1574 3019 dicatur,
1594 2937 1679 3000 huic

273 3039 522 3104 constructioni
539 3039 689 3102 similem
708 3039 846 3102 linxisse
866 3048 900 3102 et
919 3056 1046 3101 merces
1069 3037 1248 3121 navigare,
1270 3037 1395 3099 diiisse
1415 3037 1552 3122 ¹videtur
1564 3041 1678 3106 Salus-

272 3143 351 3208 tius.
397 3137 592 3207 Transiere
605 3151 733 3227 preter
752 3141 897 3225 multos,
928 3159 1014 3222 quos
1041 3161 1143 3224 supra
1162 3139 1302 3203 laudavi
1322 3140 1451 3225 libros,
1478 3144 1560 3207 Cod.
1574 3139 1677 3234 'Rost

166 3271 170 3279 ¹
270 3249 391 3316 venet.
407 3267 434 3308 1.
448 3251 477 3310 3.
499 3249 574 3312 Vat.
591 3265 619 3314 r.
641 3262 670 3307 a.
684 3260 714 3320 4.
730 3246 756 3308 ⁵.
772 3253 805 3307 et
822 3248 852 3308 3.
872 3265 963 3308 man.
983 3264 1048 3308 sec.
1085 3247 1182 3308 Barb.
1198 3266 1224 3309 r.
1239 3261 1268 3308 a.
1282 3247 1312 3308 5.
1331 3245 1418 3309 Min.
1433 3266 1459 3308 1.
1476 3263 1503 3307 2.
1536 3249 1626 3314 Flor.
1647 3255 1676 3316 6.

275 3372 322 3416 ιο.
342 3373 390 3432 19.
401 3369 451 3414 ao.
461 3367 509 3411 ar.
521 3354 571 3413 3ι.
592 3352 697 3431 Neap.
711 3351 740 3410 3.
752 3349 780 3411 6.
800 3350 841 3410 In
851 3357 901 3411 tot
915 3350 1022 3412 Codd.
1037 3369 1204 3412 consensu
1214 3347 1329 3414 nescio
1339 3371 1384 3412 an
1392 3351 1574 3417 haeclectio
1588 3375 1677 3439 prae-

272 3455 417 3520 serenda
436 3455 501 3533 sit;
530 3453 660 3538 quippe
686 3472 764 3534 quae
789 3453 936 3516 maxime
964 3455 1133 3534 quadrare
1160 3453 1380 3517 videaturad
1399 3475 1519 3518 vocem
1540 3467 1675 3524 antece·

270 3564 417 3626 dentem.
448 3559 519 3646 Qui
544 3558 638 3623 enim
657 3559 764 3622 vitam
785 3566 974 3644 transeunt,
994 3568 1032 3621 ut
1052 3558 1155 3621 multi
1174 3559 1431 3646 peregrinantes
1453 3570 1559 3624 terras
1576 3583 1674 3647 pera·

270 3685 368 3752 grase
397 3665 532 3748 solent,
561 3663 630 3726 alia
648 3671 750 3745 atque
770 3663 839 3727 alia
859 3664 935 3727 loca
956 3664 1157 3727 brevissimo
1180 3665 1343 3747 temporis
1357 3664 1467 3747 spatio
1489 3668 1672 3738 adeuntes,

268 3789 327 3836 eos
357 3769 437 3850 jure
465 3769 623 3833 indoctos
653 3777 687 3830 et
718 3766 865 3830 incultos
895 3767 1032 3830 dixeris.
1069 3767 1206 3830 Nullius
1245 3768 1338 3844 enim
1373 3767 1425 3831 rei
1460 3769 1670 3836 accuratiore

267 3874 464 3960 cognitione
485 3881 600 3957 capta,
616 3870 716 3934 alteri
736 3871 807 3932 vita
819 3874 1008 3952 decedunt,
1027 3870 1129 3933 alteri
1143 3871 1257 3933 locum
1273 3869 1405 3934 cnloco
1419 3881 1562 3936 mutant.
1592 3877 1669 3939 Jam

266 3987 357 4043 amat
377 3977 517 4060 quidem
536 3975 702 4040 Salustius
730 3975 864 4039 variare
892 3975 1105 4058 orationem,
1136 3983 1170 4038 et
1194 3973 1348 4055 quamvis
1377 3996 1480 4061 supra
1507 3979 1545 4042 in
1567 4001 1605 4045 re
1625 3981 1670 4046 si·

264 4083 415 4148 millima
433 4075 595 4146 transire
613 4079 754 4164 dixerat,
777 4089 889 4145 tamen
909 4082 976 4144 hoc
998 4080 1075 4144 loeo
1096 4077 1302 4171 transigere
1320 4083 1417 4148 haud
1429 4083 1591 4168 planeest
1610 4087 1666 4148 in-

264 4187 491 4267 concinnum
511 4187 571 4251 sed
591 4205 672 4250 cum
690 4185 909 4271 proprietatis
927 4185 1111 4251 verborum
1130 4183 1416 4253 retinentissimus
1427 4186 1508 4266 jure
1524 4188 1667 4276 dicatur,
