4108 4976
389 395 459 476 252
537 399 543 412 ‘

392 591 521 676 uliquis
540 587 717 669 conjiciat,
737 605 931 672 pronomen
952 588 995 652 eb
1016 585 1131 653 eliens
1149 606 1255 652 manu
1272 587 1519 653 esseedditum.
1539 589 1600 652 sed
1615 581 1665 652 rie
1678 597 1798 658 restra

395 699 527 763 dictum
556 703 606 759 est
635 693 841 779 elegantius,
870 715 975 777 quam
1001 698 1097 777 quod
1115 714 1137 758 u
1156 694 1303 759 librario
1323 693 1502 760 inventum
1524 713 1595 759 esse
1613 696 1798 779 putaveris.

396 803 447 866 ite
466 801 560 866 enim
581 805 615 862 et
633 797 778 862 mutatio
799 799 936 883 generis
955 799 994 863 in
1015 799 1158 864 relativo
1181 797 1316 866 facilius
1337 799 1542 886 explicatur,
1562 809 1596 864 et
1614 802 1800 887 benepro-

398 927 527 974 nomen
546 911 664 970 vestra
683 904 899 968 antecedenti
914 903 1084 986 pericula
1105 926 1184 969 mea
1205 907 1398 989 respondet.
1437 907 1595 970 Ceterum
1617 927 1689 988 quo
1709 917 1801 972 recte

398 1011 515 1094 scribi,
535 1030 613 1074 cum
632 1009 711 1095 alie,
732 1017 806 1072 tum
827 1009 1011 1074 auotoritas
1031 1012 1114 1078 Cod.
1127 1011 1287 1078 Vaticani
1306 1029 1337 1075 u.
1358 1015 1568 1095 comprobet.
1587 1012 1668 1076 vide
1687 1012 1762 1076 loca
1779 1031 1801 1076 a

401 1117 518 1183 Cottio
540 1117 689 1184 laudata.
716 1113 809 1180 inire
829 1135 902 1199 cap.
917 1117 968 1178 38.
992 1118 1114 1183 Iocum
1134 1115 1299 1183 hostibus
1320 1115 1534 1183 introeundi
1551 1115 1665 1203 dedit,
1688 1137 1802 1199 eaque
1898 1127 1902 1136 '

401 1217 586 1292 Numidae
607 1216 736 1285 cuncti
754 1219 928 1302 irrupere.
949 1229 983 1286 et
1006 1224 1076 1288 103.
1103 1221 1283 1287 obsessum
1304 1217 1439 1287 turrim
1459 1218 1625 1311 regiam‚'·
1644 1242 1715 1303 quo
1728 1222 1802 1286 Ju-

399 1327 539 1417 gurtha
554 1319 735 1414 perfugas
755 1318 874 1388 omnis
890 1321 1115 1406 praesidium
1137 1323 1370 1410 imposuerat.
1391 1327 1687 1411 cic.Epp.1³.7⁵.
1707 1345 1803 1391 sum-

401 1454 462 1496 ma
483 1439 552 1514 est,
572 1428 611 1494 in
633 1450 704 1511 quo
727 1425 819 1493 mihi
834 1426 1087 1517 gratissimum
1100 1425 1230 1519 facere
1246 1429 1375 1515 possis.
1396 1431 1444 1495 id.
1465 1432 1490 1500 1.
1505 1432 1528 1494 l.
1548 1436 1579 1495 3.
1600 1435 1629 1494 5.
1650 1439 1694 1494 ut
1708 1427 1804 1496 dioe-

402 1547 489 1620 r'em,
509 1557 565 1600 me
585 1529 740 1598 libenter
760 1534 812 1596 ad
832 1554 910 1598 eam
930 1543 1074 1618 partem
1091 1533 1303 1618 provinciae
1317 1532 1480 1622 primum
1502 1557 1575 1601 esse
1595 1545 1803 1620 venturum,

302 1713 310 1727 .
405 1659 477 1724 qno
499 1647 535 1704 te
559 1634 718 1704 maxime
746 1639 831 1703 velle
850 1634 1073 1702 arbitrabar.
1096 1647 1244 1704 ceterum
1267 1637 1316 1705 rie
1337 1649 1455 1705 vestra
1475 1641 1603 1704 dictum
1624 1662 1692 1730 pro
1711 1641 1765 1726 ri,
1785 1661 1808 1705 a

403 1743 502 1809 vobis
523 1743 714 1808 inferenda.
745 1747 840 1825 quod
860 1744 955 1809 enim
975 1744 1139 1808 nonnulli
1162 1753 1330 1830 statuunt,
1355 1747 1427 1811 rim
1445 1767 1510 1831 pro
1530 1747 1652 1832 opibus
1672 1746 1806 1810 dietum

404 1849 531 1932 videri,
553 1848 589 1910 id
616 1847 720 1912 armis
741 1867 935 1932 expressum
960 1869 1032 1915 esse
1052 1849 1199 1913 videtur.
1230 1847 1366 1916 moveri
1383 1851 1406 1914 i.
1428 1871 1455 1916 e
1477 1849 1554 1938 cogi
1575 1853 1618 1913 ad
1639 1850 1806 1916 obedien-

238 1991 245 2006 ·
284 2007 286 2012 .
406 1958 505 2025 dum:
537 1957 597 2018 sed
626 1957 693 2018 hoc
719 1954 835 2018 minus
860 1965 1015 2020 eeeuretc
1043 1975 1253 2039 expressum
1284 1957 1425 2042 proprie
1445 1958 1539 2022 enim
1559 1975 1696 2022 movere
1716 1957 1809 2021 nihil

407 2059 505 2128 aliud
532 2057 715 2145 significat,
741 2080 846 2141 quam
866 2061 1078 2144 perpellere.
1111 2067 1147 2124 et
1173 2061 1264 2126 laec
1284 2083 1386 2144 quae.
1406 2069 1443 2126 et
1461 2082 1528 2127 om.
1549 2065 1676 2130 Veml.
1708 2069 1743 2127 et
1763 2083 1808 2126 ea

402 2167 503 2248 'quae
522 2159 623 2230 erute.¹
643 2167 717 2234 vac
733 2184 765 2244 4.
785 2174 822 2232 et
841 2187 936 2248 quae
955 2174 1043 2230 ante
1071 2168 1146 2232 vu.
1161 2168 1189 2229 5.
1210 2173 1247 2230 et
1269 2173 1467 2248 quaerente
1496 2168 1587 2232 Med.
1605 2190 1654 2231 ιι.
1673 2167 1759 2232 Min.
1783 2190 1809 2230 1.

410 2270 824 2352 equibuslccriovmico.
834 2272 1052 2337 videturesse
1062 2268 1285 2355 praeierendu.
1295 2261 1441 2336 soricum
1452 2271 1810 2359 longeplurimiiique

409 2375 681 2468 prestantissimi
707 2376 794 2442 libri
817 2397 1013 2461 pronomen
1038 2377 1227 2454 retineant,
1259 2376 1297 2440 iu
1325 2369 1448 2455 ejicere
1467 2377 1576 2441 uolui.
1596 2379 1658 2441 sed
1678 2377 1811 2442 Gortius

412 2480 516 2544 etiam
526 2475 663 2564 forent
682 2491 875 2568 suspectum
896 2481 1036 2562 habuit3
1062 2503 1135 2566 quo
1153 2482 1280 2548 omisso
1305 2482 1443 2569 elegans
1463 2482 1630 2560 cretionis
1650 2501 1812 2548 uumerus

410 2584 452 2648 fit
471 2584 682 2664 impeditior.
720 2609 829 2668 quam
850 2584 997 2652 miseria
1026 2578 1089 2651 etc'.
1109 2589 1171 2669 qui
1198 2588 1328 2670 ubique
1352 2588 1494 2654 Salustii
1518 2588 1719 2654 brevitatem
1740 2589 1813 2667 jec-

413 2696 497 2769 tent,
518 2705 578 2756 eos
596 2689 668 2772 hero
689 2697 722 2758 et
741 2689 811 2756 alie
826 2691 903 2754 loce
913 2692 1152 2768 hujuscemodi
1166 2694 1355 2758 accuratius
1364 2693 1532 2780 inspicere
1542 2694 1657 2760 velim.
1675 2695 1733 2758 Est
1745 2693 1815 2758 sei·

410 2791 493 2858 licet
514 2792 618 2862 ctiam
646 2792 704 2858 hio
722 2792 818 2858 locus
837 2795 1051 2881 testimonio,
1069 2795 1255 2862 Salustium
1275 2799 1386 2864 multo
1406 2801 1515 2888 magis
1533 2801 1570 2864 id
1591 2803 1750 2886 studere‚·
1775 2807 1815 2864 ut
1847 2807 1853 2820 ·

348 2897 350 2903 ⁴
413 2917 574 2964 sensuum
602 2898 673 2962 vim
700 2907 855 2986 exacuet,
891 2921 995 2984 quam
1021 2901 1235 2988 paucissimis
1262 2905 1377 2971 verbis
1404 2906 1485 2974 illos
1512 2906 1691 2992 exprimet.
1734 2904 1814 2970 vide

412 3022 516 3090 supra
536 3008 579 3070 ad
601 3025 672 3091 cap.
692 3027 720 3068 1.
742 3005 801 3071 fin.
824 3005 995 3072 ostentui.
1017 3008 1078 3072 cfr.
1097 3011 1176 3074 Tae.
1195 3011 1283 3074 Anu.
1304 3016 1429 3096 12,13;
1446 3009 1598 3078 auribus
1617 3009 1746 3080 decisis
1765 3007 1813 3078 vi·

413 3131 491 3175 rere
500 3107 626 3200 jubet,
647 3109 811 3182 ostentui
828 3112 1041 3180 elementiae
1059 3135 1148 3196 suae
1167 3123 1204 3180 et
1224 3111 1266 3181 im
1283 3137 1351 3186 nos
1371 3117 1700 3185 dehonestamento.
1720 3118 1814 3184 simi·

413 3212 464 3276 lie
483 3225 563 3282 sunt
583 3215 711 3286 derisui
732 3227 766 3281 et
787 3220 975 3285 contemtui
997 3241 1077 3286 esse.
1099 3219 1305 3286 cruciatum
1325 3225 1401 3290 Vet.
1414 3244 1444 3288 n.
1464 3225 1568 3290 etiam
1580 3224 1673 3292 infre
1681 3205 1814 3310 cippo.

410 3315 567 3400 proinde
592 3329 782 3404 reputaret
808 3344 888 3394 cum
917 3323 1042 3390 animo
1069 3345 1152 3411 suo,
1186 3327 1355 3407 praemia
1383 3349 1432 3392 an
1453 3327 1660 3414 cruciatum
1679 3332 1817 3395 mallet.

415 3424 509 3498 quod
529 3442 570 3485 ex
589 3426 711 3522 ceteris
732 3425 832 3492 libris
852 3432 916 3492 hac
935 3431 973 3496 iu
994 3451 1076 3496 voce
1098 3433 1196 3496 nulla
1214 3437 1357 3498 varietas
1370 3433 1544 3520 laudetur,
1566 3435 1603 3503 id
1616 3436 1731 3521 potius
1742 3435 1817 3500 edi·

417 3531 531 3585 torum
541 3523 696 3611 incuriae,
714 3548 817 3606 quam
838 3533 1008 3600 librorum
1028 3538 1226 3601 constantie
1238 3540 1398 3610 tribuam.
1417 3563 1462 3606 ex
1481 3539 1659 3608 manibus.
1678 3541 1769 3604 Flor.
1785 3561 1815 3610 ι.

417 3629 508 3698 Med.
528 3643 558 3706 4.
578 3649 607 3710 7.
627 3650 675 3694 ιι.
696 3631 780 3702 Ven·
800 3635 829 3694 ³·
847 3633 921 3698 var.
938 3648 970 3712 4.
998 3637 1083 3708 Min.
1105 3657 1134 3704 ι.
1153 3649 1316 3722 pretereo
1335 3647 1425 3711 Med.
1444 3669 1472 3712 1.
1493 3656 1527 3711 et
1544 3650 1620 3713 Vat.
1638 3651 1672 3720 3.,
1685 3666 1730 3711 ιιι.
1745 3663 1817 3712 see·

300 3803 302 3808 ,
416 3732 584 3800 manibus
604 3757 649 3810 eu
670 3731 790 3820 impiis
810 3741 894 3804 Vcn.
914 3763 941 3804 ι.
962 3745 1022 3807 sed
1042 3745 1203 3814 meliores
1223 3757 1257 3812 et
1272 3751 1388 3834 plures
1406 3752 1492 3816 libri
1507 3761 1677 3838 receptam
1697 3751 1816 3817 leotin-

417 3857 497 3902 nem
517 3841 731 3906 confirmant.
753 3852 877 3915 manet
897 3845 956 3912 avi
972 3841 1059 3916 Ven.
1073 3873 1100 3914 ι.
1121 3863 1286 3920 remanet
1305 3857 1482 3923 memoria
1501 3861 1585 3922 lien.
1603 3866 1633 3928 ³.
1656 3853 1818 3923 ceterili·

390 3995 402 4012 ,.
416 3941 473 4011 hri
493 3962 611 4010 omnes
634 3952 679 4012 ad
698 3971 806 4020 unum
831 3961 863 4016 et
883 3954 1068 4020 uerborum
1093 3958 1243 4041 positum
1264 3971 1298 4025 et
1319 3962 1432 4046 ipsum
1450 3966 1594 4028 verbum
1616 3963 1817 4032 defenduut.

417 4067 524 4131 quare
546 4049 614 4112 nisi
635 4053 673 4114 in
701 4063 751 4118 tot
768 4055 855 4120 locis
880 4059 1025 4132 maxime
1047 4064 1266 4129 temerarium
1287 4087 1322 4132 se
1343 4070 1476 4134 Cottius
1501 4071 1733 4154 praebuisset„
1758 4066 1818 4133 hie

355 4197 356 4202 κ
418 4155 490 4234 ejus
510 4155 689 4220 audaciam
709 4159 859 4245 mireris,
885 4162 1013 4249 quippe
1031 4167 1111 4250 'qui‚
1139 4177 1175 4236 ut
1196 4159 1402 4240 emendandi
1422 4176 1573 4244 studium
1593 4177 1763 4262 expleret,
1784 4179 1820 4240 et

418 4261 584 4338 orationis
605 4285 785 4338 numerum
806 4275 840 4342 et
856 4269 1063 4356 elegantiam
1084 4273 1279 4357 neglexerit,
