4116 4970
298 393 419 488 ,84
684 395 689 406 ’
1461 417 1473 458 t

371 572 487 656 Epigr.
507 591 537 650 9.
559 586 610 646 4ο.
636 570 686 635 In
704 564 817 654 septis
845 568 1044 635 Mamurra
1075 563 1139 632 diu
1164 569 1392 650 multumque
1418 575 1595 656 uagatus,
1627 562 1687 632 hic
1713 566 1778 630 uba

372 679 493 742 Roma
512 694 599 736 suaa
619 695 735 738 aurea
757 682 862 738 serat
883 694 977 758 opes.
997 675 1123 737 Seneca
1143 675 1204 756 Ep.
1226 692 1296 734 ror.
1315 669 1463 760 agitare
1476 667 1673 754 pecuniam
1694 673 1778 734 star.

370 769 452 844 silv.
468 796 496 841 a.
513 794 542 840 a.
564 779 632 841 150.
661 780 903 868 strangulare
922 797 1003 862 opes
1024 788 1057 841 et
1078 776 1228 841 Martial.
1248 774 1363 862 Epigr.
1381 793 1411 838 a.
1433 779 1484 844 3ο.
1503 771 1715 864 flagellare.
1732 809 1777 866 '-

292 905 303 920 ·
371 882 536 949 Salustius
556 880 665 968 igitur
682 881 738 946 his
756 882 911 968 figuratis
940 881 1152 946 dictionibus
1171 899 1252 944 usus
1273 887 1339 963 est,
1368 887 1405 944 ut
1425 879 1582 944 insanam
1603 879 1775 944 luxuriam

372 1007 608 1070 summamque
625 985 861 1071 profundendi
878 986 1064 1052 libidinem
1089 984 1271 1072 significet.
1299 980 1445 1050 divitias
1464 1005 1561 1049 suas.
1580 983 1689 1050 Vatic.
1703 1002 1732 1047 a.
1743 991 1777 1048 et

374 1095 535 1162 Rostcch.
558 1092 662 1157 etiam
681 1093 798 1178 plnres
817 1093 919 1156 Editt.
942 1093 1104 1174 antiqua.
1132 1089 1272 1156 uincere
1297 1089 1323 1158 i.
1343 1109 1373 1156 e.
1397 1092 1557 1174 perdere,
1591 1072 1777 1154 effundere.

365 1196 471 1290 furis
491 1185 656 1264 hocloco
681 1197 824 1284 propria
848 1197 1125 1283 significatione3
1153 1214 1226 1260 non
1254 1194 1349 1260 enim
1368 1203 1525 1259 externos
1544 1193 1693 1278 populos
1718 1195 1778 1260 scd

375 1308 492 1370 locum
502 1313 594 1370 extra
603 1306 746 1368 domum
765 1301 945 1388 significat.
968 1300 1030 1366 cir.
1043 1301 1113 1364 Cic.
1126 1303 1191 1385 Ep.
1198 1303 1244 1366 ad
1258 1299 1336 1370 Div.
1350 1321 1380 1382 7.
1392 1303 1439 1364 16.
1451 1321 1518 1389 ego
1538 1295 1573 1362 si
1580 1293 1686 1389 sorr's
1698 1318 1777 1363 cae·

381 1407 543 1474 nitorem
576 1447 619 1462 -
649 1428 709 1472 res
728 1406 752 1472 i.
772 1427 803 1474 e.
823 1406 978 1471 conditio
998 1414 1104 1470 status
1130 1405 1169 1470 in
1189 1405 1319 1490 plurali
1346 1423 1490 1469 numero
1519 1403 1600 1468 satis
1618 1401 1778 1486 frequens

378 1514 438 1577 cfr.
459 1515 568 1576 Plaut.
589 1514 679 1574 Rud.
697 1516 726 1574 3.
740 1517 771 1578 3.
796 1529 842 1574 12.
871 1531 987 1594 neque
1006 1506 1102 1575 enim
1124 1517 1178 1574 est
1197 1505 1326 1575 melius
1345 1517 1465 1574 morte
1485 1505 1525 1573 in
1544 1505 1653 1574 malie
1672 1506 1778 1572 rebus

378 1615 520 1682 miseris
545 1635 663 1702 oppos.
692 1615 794 1680 honis
821 1617 923 1680 rebus
947 1615 1058 1678 Plaut.
1084 1613 1241 1679 Trinom.
1270 1631 1299 1678 a.
1320 1627 1353 1690 4.
1372 1617 1424 1688 45.
1457 1607 1560 1677 bonis
1579 1607 1655 1676 tuis
1672 1609 1779 1676 rebus

317 1755 321 1762 =
379 1744 478 1787 meus
490 1743 549 1786 res
569 1717 701 1785 irrides
721 1722 850 1800 malou
870 1718 1058 1805 singularis
1077 1735 1241 1784 numerus
1259 1717 1463 1782 senaturin
1479 1713 1700 1782 execrationis
1708 1715 1779 1780 for·

378 1829 499 1891 mula:
529 1820 593 1890 ali
607 1823 647 1889 in
667 1827 803 1889 malam
823 1845 910 1889 rem.
931 1832 1096 1908 praeterea
1115 1825 1267 1888 notanda
1286 1823 1528 1908 paronomasia
1552 1821 1611 1886 cir.
1632 1841 1704 1908 cap.
1719 1843 1777 1906 ⁴aa.

380 1951 497 2016 neque
514 1952 573 1995 res
600 1949 715 2012 neque
732 1949 813 2012 apes
834 1929 929 1994 bona
951 1930 1042 1993 ulla.
1062 1936 1096 1993 et
1115 1929 1185 1992 Cic.
1205 1930 1297 2012 apud
1317 1929 1484 2013 Quinctil.
1499 1949 1527 2010 9.
1543 1932 1573 1994 3.
1594 1922 1778 1993 nonenim

377 2042 454 2099 tam
473 2055 554 2118 spes
573 2034 762 2099 laudanda
783 2055 892 2116 quam
913 2054 972 2098 rea
992 2042 1055 2097 eat.
1068 2069 1112 2086 -
1128 2053 1210 2116 spes
1229 2040 1268 2098 ut
1288 2033 1412 2120 sepius
1432 2036 1588 2100 Granum
1607 2027 1696 2110 lanu
1714 2051 1777 2096 vo-

367 2141 536 2205 cabulum
554 2137 660 2227 pie-ar·
691 2159 772 2202 nam
793 2137 998 2222 exspectatio
1021 2145 1091 2200 tam
1110 2137 1197 2202 honi
1216 2158 1321 2220 quam
1349 2139 1434 2203 mali
1454 2159 1529 2225 spes
1549 2137 1687 2213 dicitur.
1717 2135 1777 2218 cfr.

376 2249 501 2309 Lucan.
518 2249 547 2309 5.
566 2249 637 2322 454.
670 2246 771 2312 caela
794 2247 993 2334 languente
1006 2236 1202 2328 fretoque,
1223 2239 1421 2334 naufragii
1437 2266 1517 2329 spes
1544 2238 1663 2312 omnis
1689 2240 1778 2308 abit·

377 2352 458 2414 Stat.
476 2351 585 2414 lneb.
602 2371 632 2431 9.
648 2370 727 2429 ¹²95
747 2348 832 2412 dum
852 2369 931 2430 spes
951 2349 1056 2411 nulla
1078 2345 1187 2412 necis.
1208 2348 1283 2414 Liv.
1301 2367 1330 2412 a.
1347 2355 1377 2414 3.
1400 2371 1481 2414 cum
1494 2349 1596 2415 haud
1607 2343 1777 2432 cuiquam

377 2451 417 2532 in
439 2453 547 2520 dulia
569 2461 678 2537 esset,
700 2453 831 2516 bellum
852 2452 899 2516 ab
927 2448 1139 2534 Tarquiniis
1160 2449 1368 2538 imminere,
1398 2450 1441 2519 id
1459 2452 1600 2537 quidem
1618 2475 1681 2538 spe
1701 2475 1778 2518 om-

377 2555 480 2634 nium
498 2555 615 2621 scrius
624 2551 719 2646 fuit.
737 2589 778 2606 -
800 2551 892 2636 quid
907 2553 1050 2636 reliqui.
1079 2556 1138 2618 cfr.
1154 2577 1255 2641 supra
1276 2577 1338 2642 cap
1355 2581 1403 2622 ιι.
1425 2568 1538 2623 tamen
1559 2555 1705 2640 aliquid
1720 2578 1777 2620 re·

381 2657 478 2745 liqui
495 2659 627 2726 ltabere
653 2657 768 2720 minus
795 2657 975 2721 insolitum
990 2677 1094 2738 qnam
1107 2655 1253 2742 aliquid
1268 2658 1404 2744 reliqui
1411 2659 1606 2751 facere.-·
1615 2659 1775 2728 animam

378 2786 451 2853 pro
472 2765 543 2830 rita
564 2785 642 2828 cum
664 2761 821 2847 emphasi
841 2761 981 2825 dictum.
1004 2759 1064 2830 cfr.
1084 2762 1176 2828 intra
1196 2783 1224 2829 e.
1247 2766 1297 2841 54.
1318 2764 1468 2832 libertas
1489 2777 1524 2832 et
1546 2764 1672 2832 anima
1692 2787 1778 2832 nos-

377 2880 443 2938 tra
463 2873 502 2938 ln
523 2866 634 2937 dubio
654 2877 717 2935 cat.
743 2867 813 2934 Cic.
830 2867 930 2932 Catil.
951 2883 981 2946 4.
1002 2887 1039 2951 93
1060 2870 1105 2935 de
1123 2865 1197 2936 vita
1217 2877 1339 2935 uestra
1359 2871 1402 2936 de
1421 2871 1620 2966 conjugum
1641 2881 1776 2936 vestra·

320 3047 325 3058 ,
375 2999 459 3043 rum
479 2998 525 3044 ac
545 2973 744 3044 liberorum
765 2969 891 3040 anima
912 2983 974 3038 etc.
995 3011 1038 3028 -
1058 2971 1146 3059 quin
1166 2974 1269 3054 hujus
1286 2978 1466 3060 particulae
1484 2979 1537 3044 vis
1555 2977 1694 3064 proprie
1714 2995 1777 3040 ne-
1797 3007 1802 3022 ·

376 3083 508 3169 gativa3
539 3087 599 3147 scd
619 3086 692 3148 haec
713 3081 851 3168 negatio
872 3081 919 3144 ad
936 3081 1174 3147 antecedentia
1193 3081 1362 3167 pertinen
1389 3104 1431 3152 ex
1447 3105 1516 3168 qua
1535 3105 1572 3150 re
1591 3082 1702 3150 oritur
1723 3081 1776 3145 af-

376 3183 525 3250 firmatio
545 3185 734 3270 propositi,
758 3185 815 3248 cui
842 3193 892 3250 est
908 3185 1038 3264 juncta.
1076 3189 1163 3252 Inde
1183 3186 1311 3254 factum
1330 3197 1437 3254 estut
1458 3189 1581 3275 sapius
1599 3187 1774 3276 particule
1863 3267 1868 3274 ‚

377 3289 450 3357 im0
478 3297 512 3356 et
536 3285 665 3373 potiere
695 3287 794 3350 illam
822 3297 1018 3369 sequantur.
1062 3291 1174 3353 Etiam
1193 3289 1238 3380 iis
1256 3292 1356 3378 locis,
1387 3293 1451 3357 ubi
1470 3295 1562 3358 nihil
1582 3291 1773 3375 antecedit,

381 3397 476 3476 quod
496 3403 641 3476 negatur
661 3391 729 3457 tale
752 3391 838 3474 quid
868 3392 1076 3479 cogitatione
1095 3392 1296 3482 lingendum
1309 3405 1343 3462 et
1356 3397 1457 3463 tacite
1469 3399 1697 3484 supplendum
1714 3407 1773 3464 est.

377 3497 438 3563 cfr.
453 3496 528 3561 Lir.
543 3499 594 3560 35.
609 3499 669 3574 263
700 3492 797 3559 nihil
822 3519 866 3561 ea
893 3519 952 3561 rer
973 3495 1138 3562 animum
1159 3495 1334 3566 militaris
1362 3499 1432 3584 viri
1450 3500 1653 3590 imminuit,
1684 3499 1774 3588 quin

377 3619 509 3673 contra
525 3599 614 3688 plus
630 3595 708 3685 spei
727 3608 880 3686 nactus,
909 3608 943 3666 et
960 3602 1096 3667 Terent.
1115 3605 1220 3668 Andr.
1237 3626 1264 3668 1.
1284 3627 1311 3669 1.
1334 3607 1388 3688 183
1415 3609 1501 3690 quin
1522 3617 1559 3673 tu
1577 3629 1649 3674 nno
1667 3609 1773 3676 verbo

376 3710 450 3796 dic,
473 3707 559 3794 quid
580 3715 647 3793 est,
667 3709 761 3790 quod
782 3727 837 3771 me
854 3705 950 3774 velis.
971 3705 1032 3772 eir.
1052 3710 1170 3774 Horat.
1189 3710 1372 3778 Tursellin.
1390 3712 1480 3778 Edit.
1498 3714 1662 3780 Schwaru
1686 3736 1774 3798 ¹7⁰9·

375 3835 455 3900 pag.
477 3834 565 3896 1129.
585 3815 695 3881 Plaut.
714 3813 825 3882 Casin.
844 3818 873 3877 3.
889 3830 919 3891 4.
947 3835 994 3878 ro
1010 3812 1312 3904 expergiscimini.
1332 3825 1371 3882 ut
1390 3813 1551 3884 dormire
1570 3819 1699 3884 dicitur
1717 3821 1774 3885 in-

377 3918 472 3985 ertiae
492 3918 647 3981 deditum
667 3939 749 4004 esse,
782 3919 830 3982 ita
860 3917 1064 4008 expergisci
1086 3931 1285 4008 promptum
1309 3930 1343 3988 et
1371 3921 1519 3988 alacrem
1545 3925 1674 3992 habere
1699 3925 1774 3990 ani·

338 4104 341 4112 ,
378 4044 483 4089 mum.
502 4023 639 4086 Terent.
657 4023 803 4106 Adelph.
817 4024 845 4086 5.
865 4043 893 4089 1.
916 4045 965 4086 αι.
996 4033 1173 4090 cessatum
1194 4047 1307 4110 usque
1325 4027 1445 4092 adhuc
1465 4036 1541 4106 est‚·
1570 4048 1671 4100 nunc
1684 4007 1774 4118 por·

377 4150 421 4195 ra
441 4120 621 4196 Aeschine
641 4123 895 4214 expergiscere.
925 4123 963 4190 in
980 4125 1096 4192 oculis
1116 4124 1190 4193 sita
1210 4137 1305 4193 sunt.
1325 4130 1376 4194 ita
1395 4130 1481 4196 alias
1509 4134 1673 4200 dicuntur
1696 4155 1773 4218 quat

379 4233 572 4318 manifesta,
593 4239 726 4318 aperta,
747 4229 907 4298 omnibus
927 4239 1118 4301 notarunt.
1152 4231 1213 4298 cfr.
1233 4233 1340 4298 Cicer.
1360 4239 1462 4306 acad.
1482 4239 1609 4324 Quaest.
1630 4263 1657 4305 r.
1678 4219 1707 4310 a.
1728 4241 1772 4307 de
