4106 4974
379 411 382 422 ·
404 385 474 498 ,²3²

398 577 559 678 gloriae,
581 577 734 670 cupido,
754 575 904 646 lascivia
924 585 961 644 et
979 577 1150 665 superbia
1170 577 1329 650 incessit.
1348 619 1392 640 ··-
1412 582 1530 676 legati
1546 583 1618 653 uli.
1638 589 1808 675 Uennoni

401 695 587 758 verborum
608 691 694 766 prdo
714 707 733 751 a
750 685 892 751 Salustii
913 685 1082 770 loquendi
1105 707 1167 754 usu
1189 707 1260 754 non
1272 691 1454 760 abhorret.

375 777 389 794 ’
479 802 562 882 Cap.
582 797 669 860 XIV.
687 833 690 840 »
693 789 887 877 praecepit
907 787 1006 856 milri.
1028 793 1100 856 hoec
1120 795 1196 859 sola
1214 794 1362 860 varietus
1391 797 1429 860 in
1449 796 1552 862 libris
1569 795 1701 864 italicis
1720 819 1807 866 uon·

399 902 554 988 spiritur.
576 899 681 965 ceteri
701 908 735 964 et
755 900 904 962 eundem
922 898 1106 961 verborum
1127 901 1286 964 ordinem
1315 909 1349 965 et
1371 919 1566 987 pronomen
1590 903 1804 974 confirmant.

306 1078 310 1086 ,
396 1010 456 1074 sed
476 1025 688 1092 pronomen,
719 1007 814 1084 quod
836 1002 971 1066 Cortius
991 1003 1138 1086 delerit,
1166 1003 1223 1068 rel
1243 1005 1323 1070 ideo
1345 1007 1585 1091 retinendum,
1606 1011 1699 1090 quod
1718 1005 1804 1093 siti,

397 1133 469 1177 non
492 1109 578 1177 aliis
596 1112 664 1173 hoc
682 1116 892 1194 praeceptum
912 1107 1017 1172 fuisse
1037 1107 1182 1193 Micipsa
1201 1111 1298 1176 dicit.
1337 1129 1489 1210 regnum
1508 1109 1553 1178 -ὲ
1565 1113 1805 1196 procuratiu-

336 1231 338 1241 “
395 1237 487 1281 stem.
507 1220 582 1284 Vct.
600 1233 635 1280 u.
666 1231 830 1302 regnum.
854 1212 957 1276 etism
978 1213 1054 1275 Min
1078 1214 1279 1298 s.t1uisoli
1299 1215 1659 1298 Cortiiconjectumm
1681 1217 1803 1282 confir·

398 1330 504 1386 mant.
532 1323 592 1386 sed
610 1339 765 1408 regnum
778 1313 1050 1402 procuratione
1077 1339 1212 1404 meum,
1240 1341 1285 1386 ne
1305 1321 1645 1408 latinum-quidem,
1674 1325 1803 1388 nedum

396 1425 628 1490 Salusticnum
649 1443 721 1489 esse
739 1423 888 1490 ridetur.
922 1441 1002 1484 nam
1022 1423 1126 1505 plene
1147 1424 1280 1490 diversa
1299 1435 1394 1510 sunt,
1423 1448 1510 1510 usu,
1525 1421 1664 1518 fructu
1685 1445 1802 1508 meus,

398 1547 476 1612 quse
497 1529 635 1592 Curtius
656 1528 782 1590 laudat.
803 1534 921 1590 contra
940 1545 1133 1609 pronomen
1154 1527 1232 1617 ejus
1251 1538 1330 1620 post
1348 1527 1560 1617 imperium,
1581 1535 1674 1614 quod
1683 1531 1801 1596 vass.

398 1653 468 1697 om.
491 1641 524 1697 et
544 1633 643 1702 Burb.
666 1635 696 1694 6.
718 1639 881 1712 tanquam
901 1630 1057 1714 spurium
1079 1633 1236 1719 noterit,
1262 1635 1336 1715 Jsm
1358 1637 1487 1722 etipse
1515 1637 1700 1702 delendum
1729 1633 1803 1700 ess'e

396 1749 529 1804 censeo.
550 1745 708 1804 ceterum
730 1736 845 1820 enim,
872 1739 968 1818 quod
988 1739 1081 1822 opud
1101 1747 1232 1803 ceteros
1247 1740 1428 1826 scriptores
1458 1740 1577 1828 sepius
1597 1757 1720 1805 norem
1738 1759 1802 1823 pe·

394 1845 534 1908 riodum
554 1844 695 1928 incipit,
716 1845 808 1926 upud
825 1841 1011 1907 Salustium
1033 1833 1201 1908 cretionis
1217 1847 1376 1912 'membre
1395 1847 1521 1912 arctius
1537 1846 1729 1934 conjungit,
1749 1848 1801 1913 its

396 1958 436 2012 ut
456 1949 564 2036 genit.
592 1944 700 2037 regni
718 1947 822 2011 etium
842 1950 887 2011 ad
899 1945 1020 2039 juset
1041 1943 1231 2032 imperium
1252 1951 1374 2018 referri
1393 1953 1510 2038 possit.
1538 1973 1605 2017 nos
1626 1949 1801 2042 affinium

396 2055 615 2124 locellum.
630 2071 690 2117 ros
700 2049 748 2120 irs.
766 2072 834 2118 om.
847 2054 923 2124 Vct.
934 2054 962 2116 ὁ.
972 2056 1032 2120 sed
1044 2073 1239 2140 pronomen
1250 2058 1309 2121 hic
1324 2077 1462 2144 quoque
1471 2049 1705 2143 retinendum,
1718 2057 1800 2140 quia

396 2159 437 2222 iu
457 2158 663 2244 repetitione
684 2161 841 2242 quosdam
859 2159 912 2223 vis
934 2170 993 2227 est.
1026 2157 1065 2226 in
1087 2163 1208 2227 locum
1228 2163 1339 2229 rarius
1358 2186 1423 2250 pro
1445 2163 1605 2250 inslo'co,
1622 2157 1679 2229 rel
1698 2163 1800 2247 loco,

395 2282 474 2346 qum
493 2275 587 2332 merc
606 2273 656 2354 est
675 2253 923 2351 interpretatio.
944 2265 1003 2334 clr.
1017 2267 1141 2331 lustin.
1161 2287 1209 2334 su.
1228 2285 1276 2340 ια.
1295 2271 1432 2336 Jussus
1447 2289 1615 2353 praeesse
1626 2269 1801 2336 Macedo-

395 2366 503 2434 nibus
523 2367 562 2434 tu
579 2359 778 2454 Antipatri
796 2372 927 2436 locum.
949 2371 1019 2446 cic.
1041 2375 1136 2438 Verr.
1158 2393 1187 2455 7.
1208 2377 1257 2438 28.
1279 2370 1318 2438 irs
1334 2371 1546 2458 piratarum
1568 2377 1689 2440 locum
1710 2371 1800 2438 cives

361 2465 363 2475 ’
396 2472 560 2540 Romani
578 2472 746 2539 hostilem
767 2470 806 2539 irs
826 2477 972 2541 modum
995 2473 1158 2542 cruciati
1176 2485 1211 2542 et
1232 2475 1358 2542 necati
1374 2485 1471 2544 sunt.
1498 2513 1541 2532 -
1572 2473 1800 2542 munimenta

394 2577 510 2664 regni.
531 2579 604 2640 hec
624 2597 696 2641 non
715 2599 778 2663 per
798 2573 1051 2664 cppositionem
1072 2583 1193 2648 ceteris
1213 2583 1349 2666 addite,
1378 2581 1542 2666 tanquam
1567 2582 1650 2647 soler
1669 2581 1799 2648 divitie

395 2669 429 2747 ei
449 2681 615 2745 exercitus
635 2682 735 2767 regni
755 2685 970 2748 munimenta
977 2688 1064 2771 sint,
1082 2691 1142 2751 sed
1155 2687 1315 2767 sejuncta
1329 2697 1418 2773 sunt,
1434 2698 1472 2752 ut
1490 2701 1649 2754 numerus
1660 2684 1798 2772 plenior

393 2785 573 2854 fieretcfr.
586 2789 664 2850 Tac.
677 2787 806 2865 Hists.
824 2789 872 2856 ⁵².
893 2791 981 2856 Non
1002 2787 1178 2879 legiones,
1200 2813 1274 2858 non
1296 2794 1427 2857 classes
1439 2789 1591 2876 perinde
1598 2791 1716 2879 firmo
1731 2788 1800 2856 im·

388 2887 488 2974 perit
507 2891 751 2978 munimenta,
773 2916 881 2978 quam
903 2917 1093 2962 numerum
1115 2895 1326 2964 liberorum.
1346 2937 1389 2954 -
1410 2919 1466 2963 me
1485 2898 1625 2962 labere.
1644 2899 1740 2979 quod
1759 2897 1798 2961 in

393 2998 645 3064 duobusCortii
666 2999 767 3064 libris
787 3001 929 3088 legitur,
949 3011 983 3068 et
1002 3001 1169 3089 gravitate
1186 3003 1329 3067 Salustii
1349 3011 1383 3068 et
1402 3023 1547 3088 persons
1565 3002 1799 3087 promittentis

392 3101 538 3188 dignum
569 3104 631 3169 ille
652 3105 831 3187 judicarit.
864 3110 941 3173 lam
971 3111 1038 3174 hoc
1066 3107 1209 3192 quidem
1237 3128 1309 3173 non
1333 3109 1479 3186 dubium
1501 3117 1568 3194 est,
1585 3106 1797 3172 infinitivum

392 3208 570 3292 presentis
601 3229 665 3292 pro
696 3212 813 3276 futuro
839 3213 944 3293 poni,
974 3233 1086 3294 neque
1113 3215 1311 3300 negaverim
1337 3223 1529 3300 temporum
1548 3214 1738 3279 mutatione
1758 3213 1796 3277 id
1895 3301 1898 3308 ἱ

390 3312 602 3398 significari,
625 3333 697 3378 rem
719 3334 790 3383 esse
811 3315 1012 3393 certiorem3
1034 3319 1094 3380 sed
1115 3320 1264 3383 duorum
1284 3319 1453 3385 librorum
1474 3319 1708 3387 testimouium
1730 3318 1797 3383 mi·

389 3415 431 3476 lsi
452 3437 524 3481 non
545 3417 625 3482 satis
645 3419 783 3483 firmum
803 3417 957 3503 videtur,
977 3429 1016 3484 ut
1035 3420 1179 3486 alteram
1199 3425 1384 3490 lectionem
1404 3424 1627 3505 rejiciendam
1642 3445 1712 3492 esse
1730 3447 1794 3508 pu·

371 3525 473 3582 tem.
505 3537 698 3602 pronomen
718 3542 774 3584 me
794 3540 863 3590 om.
886 3525 971 3590 Ven.
989 3547 1016 3588 ι.
1043 3536 1243 3610 praecepta
1264 3528 1433 3611 parentis
1453 3528 1532 3598 mes'.
1564 3534 1637 3596 herc
1657 3545 1795 3614 quoque

392 3624 527 3688 (lortius
537 3623 724 3689 subditiciu
729 3623 920 3712 judicavit,
940 3636 975 3692 et
995 3625 1176 3718 agitarem
1198 3635 1386 3698 modestius
1407 3636 1538 3700 dictum
1552 3658 1633 3723 pro:
1646 3639 1797 3720 studere,

390 3739 430 3792 ut
451 3751 599 3817 agerem.
621 3733 716 3813 quod
737 3730 767 3795 si
786 3733 979 3820 statuimus,
998 3733 1076 3799 fieri
1095 3741 1168 3798 non
1187 3746 1318 3824 potest,
1335 3747 1374 3804 ut
1393 3751 1494 3807 ro'ces
1507 3749 1709 3826 praecepto
1723 3761 1795 3825 pes·
1814 3805 1818 3812 .

373 3831 505 3928 'rentir
525 3831 598 3898 mei
615 3835 835 3904 omittantur..
851 3857 931 3900 nam
951 3859 1143 3924 pronomen
1166 3862 1259 3924 quoe
1272 3845 1363 3922 nihil
1379 3849 1502 3931 hehet,
1518 3866 1588 3930 quo
1605 3845 1801 3926 reseretur,-

389 3953 501 4017 ueque
521 3939 692 4020 putareris
712 3961 733 4004 a
752 3941 898 4005 librario
915 3941 1084 4024 parentis
1111 3965 1175 4029 pro
1190 3943 1315 4028 patris
1334 3949 1484 4032 positum
1505 3952 1618 4018 luisse.
1648 3954 1708 4018 sed
1727 3954 1795 4016 hoc

389 4043 580 4112 notandum
599 4042 639 4104 in
660 4044 764 4130 longe
782 4046 944 4129 plurimis
964 4049 1041 4112 Ital.
1059 4049 1161 4114 libris
1172 4048 1299 4132 patris
1320 4051 1483 4124 inveniri.
1505 4059 1690 4138 verborum
1714 4057 1795 4140 qui·

390 4147 753 4227 demordoiusolitus3
774 4151 918 4216 sedhaec
938 4153 1043 4216 rerba
1063 4153 1152 4218 milri
1171 4157 1293 4218 eodem
1313 4152 1385 4222 lere
1403 4163 1526 4246 modo,
1546 4171 1587 4225 ut
1606 4163 1794 4248 supremo-

389 4251 464 4333 diu
482 4257 658 4339 ridentum
677 4254 867 4325 utscllicet
886 4257 1114 4343 explicsrent,
1144 4262 1240 4341 quod
1258 4261 1435 4331 obscurius
1454 4266 1585 4334 dictum
1605 4287 1676 4338 esse
1694 4268 1794 4333 vids-
