4106 4974
394 349 468 430 236

391 545 484 616 civil.
505 567 599 630 quae
617 562 676 608 res
697 533 736 607 in
755 532 848 604 diem
869 528 1313 626 confirmatiorem-efficit
1327 535 1539 612 exercitum.
1560 541 1753 618 ondeta
1766 575 1796 618 s.
1841 589 1845 596 ·

390 657 461 732 664.
480 651 619 736 efficere
635 642 793 729 aliquem
810 637 1012 728 potientem
1033 639 1223 712 mortis.-
1239 653 1435 728 coopertus
1454 643 1533 714 ms's.
1554 650 1614 716 cir.
1627 655 1697 718 Get.
1709 676 1737 720 c.
1747 659 1798 722 si·

387 767 534 844 patrem
543 743 1798 840 meumboclocouemoinpronomineoiiendit,quodsuprsomnesdsm-

390 872 526 931 nerunt.
545 859 650 926 etism
667 858 706 924 in
728 855 842 923 verbis
859 875 937 922 meo
946 874 1059 946 regno
1083 875 1180 939 pron.
1191 854 1355 920 intactum
1369 858 1593 941 reliquerunt.
1605 861 1800 956 diligenter

392 972 563 1048 colerent.
585 966 723 1034 adverb.
743 985 823 1029 curn
843 959 1014 1028 Cottianis
1023 960 1202 1026 nonnullis
1213 960 1415 1032 omiserunt.
1429 965 1558 1050 Med.7.
1569 969 1599 1032 8.
1611 974 1672 1036 sed
1683 970 1797 1040 inhoe

389 1097 435 1144 so.
455 1095 519 1142 seo.
538 1070 786 1160 superscripsit.
801 1069 841 1134 in
860 1066 1095 1134 commelisoo
1117 1061 1330 1156 diligerent,
1356 1069 1519 1138 colerent
1539 1074 1706 1161 scriptum
1724 1086 1796 1156 este

390 1181 429 1248 id
448 1188 563 1261 eutero
581 1199 663 1258 non,
674 1177 895 1262 comprobet,
914 1172 1116 1238 adverbium
1136 1191 1179 1239 ex
1197 1171 1335 1237 librarii
1348 1174 1461 1260 glosss
1476 1185 1595 1244 ustum
1609 1199 1690 1248 esse.
1711 1184 1799 1266 quid

389 1287 484 1361 enirn
505 1293 593 1371 erst,
611 1285 706 1368 quod
725 1285 799 1348 hec
818 1279 949 1344 locutio
960 1272 1164 1344 amicitiam
1180 1279 1300 1344 colere
1315 1279 1552 1368 explicaretur,
1565 1305 1642 1368 quae
1655 1297 1707 1354 est
1722 1308 1798 1354 oro·

390 1391 490 1458 nium
509 1388 807 1472 frequentissime?
827 1405 932 1468 quere
953 1405 1032 1448 curn
1052 1383 1215 1464 meliores¹
1231 1383 1317 1448 libri
1336 1385 1388 1448 nil
1408 1386 1562 1477 varient,
1582 1392 1700 1457 omnis
1713 1412 1798 1458 ssns

390 1515 464 1564 esse
478 1495 611 1575 judico.
630 1489 708 1558 tuti
724 1511 850 1556 snmus
870 1487 920 1554 in.
940 1491 1014 1556 Vat.
1028 1508 1059 1552 u
1081 1489 1120 1552 id
1141 1492 1237 1572 quod
1256 1498 1306 1556 est
1327 1489 1549 1579 testimonio,
1565 1497 1622 1561 vel
1640 1498 1734 1562 hunc
1753 1499 1799 1564 li·

390 1601 494 1666 brom
515 1616 638 1686 magna
657 1594 951 1662 inconsiderantia
975 1613 996 1658 s
1016 1593 1169 1659 librariis
1194 1613 1266 1660 esse
1294 1604 1477 1662 excretum.
1505 1609 1614 1666 ratus
1635 1609 1701 1668 est.
1722 1605 1800 1672 Vct.

392 1724 425 1772 s.
444 1704 540 1774 Eiob.
558 1699 797 1796 conjunctum
817 1698 932 1767 nolis.
953 1719 1054 1786 pron.
1076 1719 1146 1770 orn.
1167 1702 1243 1767 Vnt.
1263 1703 1292 1772 5.
1314 1701 1407 1769 idem
1430 1711 1465 1770 et
1486 1704 1589 1790 poulo
1610 1705 1702 1772 intre
1722 1712 1800 1793 inse

392 1810 541 1895 delevit,
560 1811 620 1876 sed
640 1807 746 1874 etiarn
755 1802 832 1872 suis
850 1815 984 1893 poterut
1006 1805 1234 1892 omilin-qus
1253 1807 1365 1874 miror
1382 1828 1404 1872 s
1423 1809 1540 1874 Gortio
1565 1809 1695 1876 intecto
1711 1811 1798 1879 tuis-

391 1915 571 1990 sereliote.
593 1923 661 1980 out
685 1933 756 1998 quo
776 1914 852 1979 Vct.
870 1933 901 1976 s.
922 1913 1017 1978 Eicb.
1038 1919 1200 1978 naturae
1219 1909 1409 1984 concessit.
1429 1913 1490 1980 cir.
1506 1917 1589 1986 Tse.
1606 1919 1736 1986 tnm.
1748 1939 1799 2000 7¹·

384 2017 481 2110 fato
502 2022 709 2088 concedere.
728 2018 812 2084 item
829 2017 919 2082 Plin.
937 2021 1062 2105 Paneg.
1080 2041 1129 2082 ιι.
1144 2025 1179 2084 et
1189 2019 1264 2085 Vel.
1281 2020 1389 2086 Flacc.
1403 2042 1430 2084 ι.
1445 2022 1516 2098 5⁵4.
1536 2027 1796 2091 ceterosneeoc.

395 2145 589 2212 pronomen
610 2147 678 2192 om.
693 2128 768 2196 Vct.
782 2143 812 2190 a.
829 2124 950 2210 placet
970 2120 1097 2190 animo
1118 2129 1182 2190 est.
1206 2123 1299 2190 idem
1314 2125 1378 2190 lib.
1400 2127 1460 2190 sed
1481 2125 1520 2190 in
1542 2126 1637 2191 Eicb.
1654 2127 1799 2194 verbum

394 2232 575 2318 omissum,
595 2233 653 2298 cui
672 2216 848 2300 assentior.
869 2251 951 2296 cum
964 2249 1141 2297 moerore.
1155 2228 1354 2316 praepositio
1374 2229 1548 2317 eleganter
1561 2233 1688 2302 additu.
1708 2243 1799 2300 recte

392 2338 512 2428 laudet
526 2345 615 2412 Cort.
632 2340 742 2406 Plcut.
764 2339 854 2402 liud.
868 2337 1006 2422 Prolog.
1026 2356 1075 2402 vs.
1093 2357 1141 2418 ²9·
1165 2335 1299 2420 quique
1318 2345 1478 2402 oetatem
1500 2335 1614 2428 agitis
1629 2359 1711 2404 cum
1721 2336 1799 2425 pie·

393 2452 474 2510 tote
491 2453 527 2512 et
545 2465 626 2510 cum
636 2443 781 2532 fiden-
802 2436 950 2508 etiamsi
971 2439 1106 2506 omnia.
1135 2441 1228 2507 liber
1257 2442 1373 2510 nescio
1394 2442 1483 2528 quiin
1502 2444 1641 2510 librarii
1669 2453 1720 2508 est
1744 2444 1801 2509 in·

393 2558 553 2632 rentum,
577 2548 636 2612 oui
660 2550 735 2612 haeo
757 2565 830 2610 uon
853 2546 934 2612 satis
955 2567 1034 2609 cum
1059 2549 1339 2618 antecedentibus
1354 2549 1477 2630 juncte
1492 2550 1708 2616 videbantur.
1739 2569 1801 2614 ne·

385 2647 571 2722 ‚cessaria
591 2651 652 2716 cfr.
667 2653 753 2718 Fest.
773 2691 791 2726 s
807 2651 1033 2717 necessarium
1054 2652 1104 2716 sit
1125 2673 1196 2718 esse
1221 2653 1359 2738 Opilius
1382 2655 1558 2740 Aurelius,
1577 2655 1703 2737 inquo
1724 2672 1799 2718 non

393 2758 663 2844 sitcessandum,
683 2765 742 2822 sut
750 2757 904 2840 sinequo
922 2755 994 2820 sivi
1009 2775 1081 2820 non
1087 2757 1213 2843 possit,
1232 2768 1290 2822 sut
1300 2759 1376 2824 sine
1385 2778 1455 2843 quo
1462 2779 1536 2824 non
1548 2761 1635 2826 bene
1643 2759 1799 2838 virutum

393 2875 452 2934 sut
467 2869 562 2952 quod
580 2884 651 2930 non
669 2863 777 2951 possit
788 2861 969 2949 prohiberi
990 2861 1077 2946 quin
1096 2861 1166 2926 liat.
1176 2861 1195 2896 ”
1224 2864 1291 2930 hoc
1310 2864 1454 2951 rectius,
1474 2885 1578 2949 quam
1591 2867 1636 2930 ab
1649 2861 1798 2930 affinin-

393 2980 428 3044 te
441 2973 642 3060 primariam
660 2970 764 3052 hujus
783 2970 878 3036 vocis
891 2967 1179 3056 significationem
1194 2979 1356 3056 repetere.
1376 2969 1414 3036 si
1429 2967 1521 3055 quid
1536 2992 1581 3036 eu
1603 2964 1797 3056 improviso

393 3077 495 3148 mali.
513 3079 562 3148 its
579 3083 653 3147 vat.
672 3103 698 3142 ι.
712 3081 784 3144 ml.
799 3094 829 3155 [ι.
850 3081 876 3142 5.
894 3079 923 3140 6.
946 3077 1041 3142 Med.
1065 3100 1092 3144 1.
1115 3077 1190 3142 vat.
1213 3095 1244 3140 a.
1272 3077 1369 3150 Eich.
1394 3077 1497 3142 multi
1519 3075 1608 3162 elii,
1623 3077 1699 3159 ‚qui
1723 3095 1800 3140 ver·

392 3184 519 3250 borum
534 3187 637 3258 ordo,
658 3193 695 3247 ut
712 3205 733 3246 a
755 3183 892 3269 vulgari
915 3183 1058 3269 longius
1081 3181 1229 3267 recedit,
1256 3181 1304 3246 its
1324 3183 1528 3252 concinnior
1554 3201 1626 3248 esse
1644 3181 1797 3274 videtur,

393 3295 552 3358 nondum
570 3289 664 3366 enim
682 3287 808 3355 adduci
818 3307 975 3371 possum,
991 3297 1029 3349 ut
1049 3295 1183 3372 putem,
1203 3281 1296 3350 mali
1314 3286 1440 3352 rectius
1461 3289 1596 3362 abesses
1617 3306 1799 3374 argumen-

395 3394 592 3478 tis.‚quidem
610 3397 684 3460 haeo
704 3393 822 3458 doceri
843 3393 902 3458 vix
919 3402 1082 3478 possunt,
1106 3395 1166 3458 sed
1187 3401 1298 3458 certus
1319 3391 1461 3476 quidam
1480 3391 1589 3457 animi
1607 3411 1724 3457 sensus
1742 3393 1798 3458 luis

392 3497 432 3564 in
453 3498 556 3562 rebus
574 3498 698 3580 sepius
715 3498 794 3580 plus
812 3497 921 3572 valet,
941 3517 1047 3577 quam
1061 3497 1195 3581 ingenii
1211 3519 1354 3562 scumen
1373 3508 1475 3582 etque
1490 3497 1657 3564 doctrine.
1670 3505 1715 3562 et
1741 3494 1798 3562 in·

304 3643 307 3650 =
384 3599 525 3698 jurias.
543 3607 583 3667 et
605 3619 674 3666 om.
693 3602 768 3665 Vct.
785 3601 815 3662 ὅ.
836 3599 876 3663 id
892 3601 988 3681 quod
1006 3599 1096 3661 mihi
1113 3601 1255 3681 quidem
1274 3602 1501 3669 videturesse
1520 3605 1709 3690 abruptius.
1737 3623 1800 3668 oe·

393 3711 529 3780 cedam.
549 3727 730 3795 perperam
749 3709 793 3773 de
810 3707 877 3772 hoc
895 3707 973 3772 loco
985 3705 1119 3800 judicat
1137 3706 1277 3770 Rulmk.
1298 3711 1353 3773 cd.
1367 3711 1477 3774 Rutu.
1489 3713 1575 3795 Lup.
1594 3729 1670 3796 pag.
1681 3711 1732 3790 96.
1748 3730 1798 3790 97.

394 3815 456 3899 cir.
474 3819 611 3880 Terent.
628 3816 711 3880 Hec.
729 3819 758 3878 ³.
776 3818 807 3882 3.
825 3815 872 3887 18,
900 3822 933 3878 et
952 3812 1020 3878 Cic.
1032 3814 1130 3876 Tuso.
1148 3816 1179 3876 3.
1198 3833 1259 3894 ¹93
1291 3835 1367 3896 quse
1388 3815 1465 3880 locs
1500 3816 1644 3898 quidem
1668 3813 1797 3880 similis

392 3929 493 4004 sont,
511 3924 571 3996 sed
591 3923 635 3984 ed
652 3921 687 3983 h.
704 3921 728 3990 l.
749 3920 1001 3985 emendandum
1020 3917 1072 3981 nil
1091 3920 1217 3984 valent.
1229 3915 1398 4002 plurima
1413 3925 1512 3984 sunt.
1533 3922 1660 3994 Vena.
1679 3921 1754 3986 Vat.
1766 3935 1797 3998 9.

396 4027 461 4114 qui
475 4045 515 4092 es
532 4023 734 4092 melioribus
749 4023 850 4088 libris
866 4029 955 4088 sunt.
977 4023 1114 4088 Cortius
1129 4015 1277 4090 duorum
1292 4022 1463 4088 librorum
1477 4025 1698 4090 fideverbum
1709 4023 1801 4090 osni·

396 4135 461 4214 sit3
480 4135 541 4200 sed
555 4127 722 4196 orationis
740 4147 902 4192 numerus
917 4127 1097 4192 claudicat.
1116 4151 1188 4194 neu
1196 4124 1367 4217 foedera.
1386 4131 1464 4206 Vct.
1480 4149 1511 4195 a.
1530 4134 1588 4196 sed
1612 4151 1659 4196 ne
1676 4128 1801 4196 tonius

399 4241 541 4308 dietum.
561 4232 646 4306 huic
665 4225 922 4324 s'rrrperiofort.
943 4241 1122 4302 mutatur.
1141 4233 1274 4302 scilicet
1291 4231 1330 4298 in
1341 4231 1455 4322 pejus,
1472 4237 1534 4304 sed
1552 4255 1598 4304 ne
1615 4235 1704 4322 quid
1714 4231 1801 4300 meli
