4116 4970
1603 383 1647 456 61

262 576 328 642 bas
350 571 390 640 in
410 584 530 640 terras
550 583 743 660 receptum.
763 578 872 644 Varro
894 575 1130 656 nn.111,17.
1152 567 1297 640 Contra
1317 572 1369 636 ad
1383 567 1595 657 Neapolim,
1614 572 1658 641 L

261 682 440 748 Lucullus
454 690 696 764 posteaquam
711 676 935 770 perfodisset
955 686 1132 761 montm,
1153 698 1198 742 ac
1215 673 1404 740 maritimo
1427 672 1582 754 flumina
1593 673 1677 740 mi.
1762 730 1765 735 .

261 781 366 847 scisset
389 781 427 850 in
443 781 626 868 piscinas,
649 807 743 867 quae
761 783 973 866 reciprocae
982 779 1154 873 fluerent
1171 791 1239 846 etc.
1270 783 1353 867 Quae
1374 782 1492 844 omnia
1506 779 1661 845 testimo-

260 888 322 950 nio
342 898 435 972 sunt,
456 909 552 952 mare
570 889 650 952 satis
671 888 839 951 concinne
857 887 928 950 dici
949 895 1213 952 constructum.
1247 885 1488 950 Constratum
1502 888 1592 949 hanc
1609 888 1657 950 ob

261 1012 399 1056 causam
418 992 512 1057 idem
533 992 680 1076 dixeris,
707 993 805 1072 qnod
829 991 952 1074 saepius
972 985 1124 1053 suffossis
1144 987 1320 1052 montibus
1340 1008 1428 1069 aqua
1448 990 1581 1054 marina
1598 1010 1664 1075 per

261 1098 397 1160 canales
418 1096 581 1160 obtectos
601 1096 639 1158 in
663 1095 812 1180 piscinas
826 1095 1030 1174 ducebatur3
1051 1095 1273 1176 quamobrem
1284 1093 1465 1176 Pompejus
1478 1095 1661 1158 Lucullum

261 1202 395 1285 Xerxen
416 1207 568 1284 togatum
588 1199 703 1264 dicere
722 1201 866 1264 solebat.
882 1249 887 1266 .
901 1202 1098 1280 Eodemque
1129 1199 1301 1280 pertinere
1320 1193 1492 1280 putaveris
1512 1199 1661 1263 subsor-

260 1298 486 1388 sosmontes,
502 1303 666 1386 quodalii
675 1324 851 1384 coaequare
865 1303 1115 1384 explicuerunt.
1127 1297 1250 1364 maria
1266 1301 1440 1365 classibus
1458 1298 1663 1370 consternit

260 1408 334 1471 Liv.
341 1407 426 1470 dixit
436 1411 544 1487 3549.
554 1417 587 1471 et
599 1409 688 1470 Hirt.
705 1411 741 1470 B.
754 1409 795 1469 G.
805 1409 834 1470 8.
845 1423 892 1483 14.
895 1403 1074 1488 pontibus
1085 1406 1224 1489 palude
1242 1413 1665 1470 constrata-constra-

262 1519 340 1574 tum
356 1511 530 1576 classibus
551 1534 661 1576 mare.
681 1514 757 1576 Juv.
767 1512 866 1574 Satir.
880 1531 925 1572 10.
942 1513 1009 1591 17⁵·
1023 1514 1082 1574 sed
1096 1507 1217 1573 moria
1234 1508 1664 1573 constratoomissoabla-

261 1615 333 1678 tivo
350 1616 475 1680 Latine
494 1616 552 1680 vix
571 1616 708 1680 dicitur.
741 1624 938 1682 contracta
959 1617 1053 1694 quod
1074 1615 1113 1676 in
1132 1613 1347 1699 paucissimis
1367 1613 1467 1676 libris
1487 1623 1550 1698 est,
1571 1615 1664 1697 apud

262 1720 444 1783 Horatium
464 1722 603 1807 legitur.
621 1724 685 1784 Od.
701 1727 733 1791 3.
751 1726 840 1785 nti.
862 1728 1059 1785 contracto
1075 1716 1193 1801 pisces
1213 1739 1376 1800 aequora
1390 1714 1564 1800 sentiunt,
1576 1715 1665 1807 jac·

262 1829 311 1890 eu
332 1821 370 1887 in
390 1829 508 1888 cltum
529 1823 695 1890 molibus.
732 1826 773 1888 Id
801 1827 895 1907 quod
918 1825 961 1886 ab
982 1824 1147 1886 hocloco
1169 1831 1219 1902 est
1238 1821 1496 1885 alienissimum.
1518 1840 1599 1882 1111111
1620 1822 1667 1886 de

262 1928 413 1991 molibus
438 1929 510 1992 illis
535 1932 602 1992 hoc
628 1930 707 1994 loco
738 1949 810 1992 non
837 1928 960 2013 agitur.
1002 1927 1284 1991 Praestantissima
1310 1925 1413 1990 lectio
1443 1925 1666 1988 hauddubie

263 2040 488 2097 constructo.
515 2036 660 2098 Utenim
673 2055 743 2098 rem
753 2033 889 2096 foedam
898 2041 1000 2112 atque
1008 2033 1242 2116 prodigiosam
1259 2026 1669 2093 luculentissimedescri*

263 2136 370 2219 beret,
383 2136 560 2198 insolitam
573 2139 755 2201 verborum
767 2145 969 2199 structuram
981 2136 1104 2219 elegit,
1124 2138 1184 2198 sed
1198 2135 1335 2217 singula
1346 2134 1499 2196 membra
1512 2133 1561 2194 ita
1572 2151 1664 2195 com-

263 2239 394 2322 posuit,
414 2249 452 2318 ut
472 2241 618 2303 alterum
638 2243 745 2304 altero
765 2241 1003 2303 illustraretur.
1023 2232 1204 2300 subvorsis
1215 2233 1398 2299 montibus
1412 2235 1587 2319 aptissime
1601 2255 1665 2320 op-

263 2351 441 2425 ponuntur
460 2342 580 2408 maria
611 2351 837 2407 constructa.
865 2341 1016 2427 Langius
1035 2361 1099 2424 pro
1120 2361 1215 2404 more
1231 2360 1292 2404 suo
1308 2336 1429 2404 moria
1447 2347 1665 2404 constructa
1697 2395 1699 2402 ,

266 2455 301 2510 et
323 2456 515 2512 constrato
537 2469 609 2510 esse
635 2467 751 2512 veram
771 2447 956 2510 lectionem
976 2446 1098 2528 habet,
1123 2455 1156 2508 et
1176 2448 1243 2508 hoc
1264 2448 1368 2508 modo
1389 2465 1508 2508 omnes
1528 2444 1669 2508 critico·
1722 2475 1728 2496 ι

264 2572 341 2614 rum
364 2555 407 2615 de
428 2553 495 2614 11.1.
517 2553 595 2616 lites
616 2553 777 2636 componi
797 2571 896 2636 posse
920 2550 1061 2614 iudicat.
1082 2546 1188 2612 abuti
1207 2550 1280 2612 scil.
1302 2550 1369 2628 iis3
1404 2551 1498 2612 hanc
1526 2549 1667 2633 ellipsin

265 2659 355 2740 apud
382 2657 450 2719 Sal.
471 2676 541 2720 esse
562 2656 891 2738 frequentissimam,
919 2653 1028 2718 estin
1049 2651 1222 2730 confess03
1250 2672 1356 2732 quare
1383 2653 1547 2736 exemplis
1567 2655 1669 2719 illus-

266 2771 356 2826 trare
379 2782 451 2824 rcm
472 2761 687 2825 notissimam
710 2781 780 2824 non
811 2780 896 2844 opus
928 2767 985 2823 est.
1025 2780 1093 2841 per
1121 2753 1385 2839 turpitudinem
1401 2758 1667 2838 properabant.

265 2866 520 2928 substantivum
541 2868 704 2930 adverbio
726 2867 908 2948 opposuit,
929 2866 1022 2943 quod
1043 2869 1218 2922 structure
1238 2879 1346 2942 genus
1369 2859 1489 2922 Tacito
1518 2860 1668 2924 usitatis-

265 2969 409 3054 simum,
430 2969 491 3051 qui
511 2970 695 3052 saepissime
716 2970 754 3030 in
775 2967 943 3052 oppositis
962 2966 1151 3028 orationem
1179 2961 1311 3025 variare
1331 2963 1428 3025 solet.
1468 2972 1550 3024 nota
1579 2983 1668 3046 prar-

268 3084 359 3137 terea
378 3072 450 3134 vim
470 3074 566 3135 verbi
583 3094 801 3155 properare,
830 3073 924 3152 quod
953 3071 996 3130 ad
1016 3065 1271 3130 luxuriosorum
1291 3066 1473 3132 hominum
1493 3067 1666 3133 levitatem

268 3187 369 3259 atque
391 3176 580 3258 nequitiam
600 3175 846 3260 designandam
869 3173 1082 3258 aptissimum
1096 3179 1154 3235 est.
1175 3194 1315 3261 ganeae
1329 3182 1412 3236 teste
1425 3172 1538 3236 Nonio
1554 3189 1583 3234 a.
1599 3174 1672 3253 387.

267 3292 345 3345 suut
364 3282 439 3343 loca
458 3279 657 3343 vinolentia
678 3299 717 3341 ac
749 3279 892 3341 libidini
919 3287 1007 3360 apta.
1048 3279 1108 3340 sed
1137 3278 1260 3361 saepius
1289 3277 1399 3362 ipsam
1427 3279 1669 3362 voluptuosam

267 3388 419 3450 vitamet
440 3385 676 3448 heluationem
698 3382 861 3468 designat.
884 3382 943 3446 cfr.
964 3379 1070 3443 Tacit.
1092 3382 1181 3452 Hist.
1198 3398 1226 3442 o.
1240 3385 1290 3461 95.
1308 3379 1476 3468 prodigis
1498 3379 1612 3464 epulis
1633 3390 1673 3446 et·

268 3501 414 3577 sumptu
441 3511 632 3578 ganeaque
652 3485 792 3552 satiare
811 3485 1042 3570 inexplebiles
1067 3482 1198 3551 Vitelli
1217 3481 1439 3548 libidines..
1461 3489 1582 3548 cultas
1602 3489 1669 3550 hoc

268 3599 344 3680 loco
365 3597 404 3660 in
426 3596 551 3658 malam
571 3604 704 3680 partem
724 3592 984 3678 intelligendus,
1006 3591 1134 3675 quippe
1155 3591 1217 3673 qui
1239 3591 1372 3654 incute
1393 3595 1542 3654 curanda
1556 3611 1671 3654 versa-

269 3713 334 3766 tur.
365 3701 426 3764 cfr.
450 3701 522 3762 Liv.
557 3718 606 3777 29.
638 3715 687 3760 21.
718 3696 923 3760 incesserat.
954 3696 1013 3760 cfr.
1042 3715 1144 3776 supra
1171 3715 1243 3775 cap.
1273 3715 1321 3766 so,
1344 3694 1503 3778 contagio
1538 3691 1670 3758 invasit

271 3817 303 3871 et
331 3807 491 3890 Jugurth.
521 3811 569 3869 rb.
600 3811 694 3863 tanta
714 3799 936 3862 commutatio
963 3799 1112 3862 incessit.
1146 3793 1184 3858 in
1207 3798 1410 3878 propatulo
1443 3797 1466 3858 i.
1487 3817 1516 3860 e.
1536 3798 1671 3882 palam,

276 3912 314 3974 in
343 3919 484 3994 aperto,
516 3908 554 3971 in
570 3928 678 3990 prop.
699 3904 829 3968 babere
848 3903 871 3966 i.
894 3923 923 3968 e.
942 3901 1057 3984 palam
1078 3899 1209 3982 facere,
1227 3899 1387 3983 vulgare,
1420 3897 1480 3962 cir.
1514 3901 1602 3964 Gell.
1631 3905 1670 3965 N.

271 4019 309 4078 Α.
340 4017 385 4078 18.
417 4033 463 4078 ιο.
486 4013 705 4096 inpromptu
726 4017 759 4072 et
785 4008 967 4092 propatulo
988 4025 1071 4068 csse.
1100 4014 1133 4066 et
1169 4023 1270 4086 supra
1300 4022 1372 4084 cap.
1404 4024 1433 4084 7.
1460 4001 1498 4066 in
1523 4026 1670 4087 promp-

274 4131 315 4182 tu
335 4118 466 4184 babere
494 4156 536 4171 -
563 4113 687 4182 omnia
710 4113 910 4196 exquirere.
928 4110 1065 4172 videtur
1086 4111 1200 4172 deesse
1220 4105 1439 4186 submotum,
1471 4110 1531 4170 sed
1553 4110 1671 4170 cadem

273 4235 323 4294 est
353 4225 537 4288 verborum
567 4229 765 4302 structura,
794 4237 897 4297 quam
927 4233 1029 4298 supra
1056 4212 1218 4276 vidimus.
1249 4231 1321 4295 cap.
1356 4228 1400 4272 12.
1430 4207 1582 4273 luxuria
1615 4219 1672 4272 ot-

276 4355 343 4414 que
364 4326 525 4394 avaritia
545 4324 725 4408 invasere,
745 4343 881 4406 rapere
901 4330 963 4385 etc.
983 4318 1211 4382 accusativum
1232 4336 1309 4378 cum
1330 4312 1392 4377 inf.
1412 4312 1568 4395 sequitur
1586 4314 1672 4377 sim-
