<?xml version="1.0" encoding="UTF-8"?>
<!DOCTYPE html PUBLIC "-//W3C//DTD XHTML 1.0 Transitional//EN"
    "http://www.w3.org/TR/xhtml1/DTD/xhtml1-transitional.dtd">
<html xmlns="http://www.w3.org/1999/xhtml" xml:lang="en" lang="en">
 <head>
  <title>
</title>
<meta http-equiv="Content-Type" content="text/html;charset=utf-8" />
  <meta name='ocr-system' content='tesseract 3.04.00' />
  <meta name='ocr-capabilities' content='ocr_page ocr_carea ocr_par ocr_line ocrx_word'/>
</head>
<body>
  <div class='ocr_page' id='page_1' title='image "./salustiiquaeexs02sallgoog_0239.png"; bbox 0 0 4108 4976; ppageno 0'>
   <div class='ocr_carea' id='block_1_1' title="bbox 392 364 571 452">
    <p class='ocr_par' dir='ltr' id='par_1_1' title="bbox 392 364 571 452">
     <span class='ocr_line' id='line_1_1' title="bbox 392 364 571 452; baseline 0 -12"><span class='ocrx_word' id='word_1_1' title='bbox 392 364 571 452; x_wconf 61' lang='grc' dir='ltr'><strong>266Ι</strong></span> 
     </span>
    </p>
   </div>
   <div class='ocr_carea' id='block_1_2' title="bbox 359 541 1806 750">
    <p class='ocr_par' dir='ltr' id='par_1_2' title="bbox 359 541 1806 750">
     <span class='ocr_line' id='line_1_2' title="bbox 359 541 1806 646; baseline -0.008 -19"><span class='ocrx_word' id='word_1_2' title='bbox 359 561 580 646; x_wconf 85' lang='lat' dir='ltr'><strong>permotus,</strong></span> <span class='ocrx_word' id='word_1_3' title='bbox 611 552 795 620; x_wconf 80' lang='lat' dir='ltr'><strong>delendam</strong></span> <span class='ocrx_word' id='word_1_4' title='bbox 825 572 896 619; x_wconf 75' lang='lat' dir='ltr'><strong>eme</strong></span> <span class='ocrx_word' id='word_1_5' title='bbox 926 572 1057 618; x_wconf 82' lang='lat' dir='ltr'><strong>censeo.</strong></span> <span class='ocrx_word' id='word_1_6' title='bbox 1108 551 1164 619; x_wconf 81' lang='lat' dir='ltr'><strong>At</strong></span> <span class='ocrx_word' id='word_1_7' title='bbox 1195 541 1346 618; x_wconf 71' lang='lat' dir='ltr'><strong>Caesius</strong></span> <span class='ocrx_word' id='word_1_8' title='bbox 1374 545 1576 634; x_wconf 76' lang='lat' dir='ltr'><strong>[praeton]</strong></span> <span class='ocrx_word' id='word_1_9' title='bbox 1603 546 1706 616; x_wconf 82' lang='lat' dir='ltr'><strong>etiam</strong></span> <span class='ocrx_word' id='word_1_10' title='bbox 1737 572 1806 621; x_wconf 78' lang='lat' dir='ltr'><strong>vox</strong></span> 
     </span>
     <span class='ocr_line' id='line_1_3' title="bbox 384 653 1805 750; baseline -0.007 -20"><span class='ocrx_word' id='word_1_11' title='bbox 384 671 557 750; x_wconf 84' lang='lat' dir='ltr'><strong>praetor,</strong></span> <span class='ocrx_word' id='word_1_12' title='bbox 568 681 670 745; x_wconf 79' lang='lat' dir='ltr'><strong>quarn</strong></span> <span class='ocrx_word' id='word_1_13' title='bbox 682 680 847 744; x_wconf 80' lang='lat' dir='ltr'><strong>perquam</strong></span> <span class='ocrx_word' id='word_1_14' title='bbox 864 659 1023 743; x_wconf 85' lang='lat' dir='ltr'><strong>dubiam,</strong></span> <span class='ocrx_word' id='word_1_15' title='bbox 1043 657 1159 723; x_wconf 90' lang='lat' dir='ltr'><strong>delere</strong></span> <span class='ocrx_word' id='word_1_16' title='bbox 1172 656 1369 738; x_wconf 86' lang='lat' dir='ltr'><strong>nolueram,</strong></span> <span class='ocrx_word' id='word_1_17' title='bbox 1388 655 1484 716; x_wconf 84' lang='lat' dir='ltr'><strong>haud</strong></span> <span class='ocrx_word' id='word_1_18' title='bbox 1497 653 1605 722; x_wconf 87' lang='lat' dir='ltr'><strong>dubie</strong></span> <span class='ocrx_word' id='word_1_19' title='bbox 1617 676 1638 719; x_wconf 86' lang='lat' dir='ltr'><strong>a</strong></span> <span class='ocrx_word' id='word_1_20' title='bbox 1648 657 1805 730; x_wconf 68' lang='lat' dir='ltr'><strong>librariis</strong></span> 
     </span>
    </p>
   </div>
   <div class='ocr_carea' id='block_1_3' title="bbox 309 760 1804 4116">
    <p class='ocr_par' dir='ltr' id='par_1_3' title="bbox 309 760 1804 4116">
     <span class='ocr_line' id='line_1_4' title="bbox 387 760 1802 852; baseline -0.002 -21"><span class='ocrx_word' id='word_1_21' title='bbox 387 768 484 852; x_wconf 82' lang='lat' dir='ltr'><strong>ficta,</strong></span> <span class='ocrx_word' id='word_1_22' title='bbox 513 766 574 850; x_wconf 86' lang='lat' dir='ltr'><strong>qui</strong></span> <span class='ocrx_word' id='word_1_23' title='bbox 597 765 715 830; x_wconf 82' lang='lat' dir='ltr'><strong>literae</strong></span> <span class='ocrx_word' id='word_1_24' title='bbox 736 767 772 827; x_wconf 90' lang='lat' dir='ltr'><strong>P.</strong></span> <span class='ocrx_word' id='word_1_25' title='bbox 792 768 927 848; x_wconf 62' lang='lat' dir='ltr'><strong>laque</strong></span> <span class='ocrx_word' id='word_1_26' title='bbox 945 765 1080 831; x_wconf 76' lang='lat' dir='ltr'><strong>suntin</strong></span> <span class='ocrx_word' id='word_1_27' title='bbox 1096 767 1172 830; x_wconf 81' lang='lat' dir='ltr'><strong>Vnt.</strong></span> <span class='ocrx_word' id='word_1_28' title='bbox 1187 767 1216 827; x_wconf 81' lang='lat'><strong>3.</strong></span> <span class='ocrx_word' id='word_1_29' title='bbox 1232 778 1262 840; x_wconf 79' lang='lat'><strong>4.</strong></span> <span class='ocrx_word' id='word_1_30' title='bbox 1288 769 1323 826; x_wconf 89' lang='lat' dir='ltr'><strong>et</strong></span> <span class='ocrx_word' id='word_1_31' title='bbox 1345 760 1385 824; x_wconf 88' lang='lat' dir='ltr'><strong>in</strong></span> <span class='ocrx_word' id='word_1_32' title='bbox 1399 761 1498 824; x_wconf 85' lang='lat' dir='ltr'><strong>Barb.</strong></span> <span class='ocrx_word' id='word_1_33' title='bbox 1516 775 1547 828; x_wconf 81' lang='lat' dir='ltr'><strong>a.</strong></span> <span class='ocrx_word' id='word_1_34' title='bbox 1566 779 1672 845; x_wconf 84' lang='lat' dir='ltr'><strong>prave</strong></span> <span class='ocrx_word' id='word_1_35' title='bbox 1692 763 1802 832; x_wconf 78' lang='lat' dir='ltr'><strong>inten-</strong></span> 
     </span>
     <span class='ocr_line' id='line_1_5' title="bbox 365 861 1802 958; baseline -0.001 -20"><span class='ocrx_word' id='word_1_36' title='bbox 365 861 368 868; x_wconf 69' lang='grc'><strong><em>’</em></strong></span> <span class='ocrx_word' id='word_1_37' title='bbox 386 873 512 958; x_wconf 87' lang='lat' dir='ltr'><strong>pretati</strong></span> <span class='ocrx_word' id='word_1_38' title='bbox 531 880 624 951; x_wconf 84' lang='lat' dir='ltr'><strong>sunt;</strong></span> <span class='ocrx_word' id='word_1_39' title='bbox 647 871 798 954; x_wconf 89' lang='lat' dir='ltr'><strong>accedit,</strong></span> <span class='ocrx_word' id='word_1_40' title='bbox 816 874 911 953; x_wconf 89' lang='lat' dir='ltr'><strong>quod</strong></span> <span class='ocrx_word' id='word_1_41' title='bbox 928 871 965 935; x_wconf 93' lang='lat' dir='ltr'><strong>in</strong></span> <span class='ocrx_word' id='word_1_42' title='bbox 977 873 1070 937; x_wconf 87' lang='lat' dir='ltr'><strong>Med.</strong></span> <span class='ocrx_word' id='word_1_43' title='bbox 1089 891 1116 932; x_wconf 87' lang='grc' dir='ltr'><strong>ι.</strong></span> <span class='ocrx_word' id='word_1_44' title='bbox 1138 876 1171 932; x_wconf 84' lang='lat' dir='ltr'><strong>et</strong></span> <span class='ocrx_word' id='word_1_45' title='bbox 1189 889 1219 950; x_wconf 80' lang='lat'><strong>7.</strong></span> <span class='ocrx_word' id='word_1_46' title='bbox 1240 875 1273 932; x_wconf 89' lang='lat' dir='ltr'><strong>et</strong></span> <span class='ocrx_word' id='word_1_47' title='bbox 1289 866 1362 932; x_wconf 80' lang='lat' dir='ltr'><strong>ietae</strong></span> <span class='ocrx_word' id='word_1_48' title='bbox 1378 864 1489 930; x_wconf 74' lang='lat' dir='ltr'><strong>literae</strong></span> <span class='ocrx_word' id='word_1_49' title='bbox 1502 873 1537 932; x_wconf 85' lang='lat' dir='ltr'><strong>et</strong></span> <span class='ocrx_word' id='word_1_50' title='bbox 1552 867 1737 952; x_wconf 82' lang='lat' dir='ltr'><strong>explicatio</strong></span> <span class='ocrx_word' id='word_1_51' title='bbox 1746 873 1802 940; x_wconf 86' lang='lat' dir='ltr'><strong>le·</strong></span> 
     </span>
     <span class='ocr_line' id='line_1_6' title="bbox 387 970 1802 1067; baseline 0.001 -27"><span class='ocrx_word' id='word_1_52' title='bbox 387 987 516 1064; x_wconf 81' lang='lat' dir='ltr'><strong>guntur</strong></span> <span class='ocrx_word' id='word_1_53' title='bbox 528 999 568 1062; x_wconf 87' lang='lat' dir='ltr'><strong>p.</strong></span> <span class='ocrx_word' id='word_1_54' title='bbox 585 1000 617 1042; x_wconf 84' lang='lat' dir='ltr'><strong>r.</strong></span> <span class='ocrx_word' id='word_1_55' title='bbox 630 979 724 1061; x_wconf 85' lang='lat' dir='ltr'><strong>perl.</strong></span> <span class='ocrx_word' id='word_1_56' title='bbox 743 997 823 1067; x_wconf 81' lang='lat' dir='ltr'><strong>rog.</strong></span> <span class='ocrx_word' id='word_1_57' title='bbox 842 977 909 1040; x_wconf 83' lang='lat' dir='ltr'><strong>vel.</strong></span> <span class='ocrx_word' id='word_1_58' title='bbox 921 977 1017 1059; x_wconf 82' lang='lat' dir='ltr'><strong>perl.</strong></span> <span class='ocrx_word' id='word_1_59' title='bbox 1036 995 1118 1063; x_wconf 80' lang='lat' dir='ltr'><strong>rog.</strong></span> <span class='ocrx_word' id='word_1_60' title='bbox 1134 993 1173 1057; x_wconf 87' lang='lat' dir='ltr'><strong>p.</strong></span> <span class='ocrx_word' id='word_1_61' title='bbox 1191 993 1221 1036; x_wconf 85' lang='lat' dir='ltr'><strong>r.</strong></span> <span class='ocrx_word' id='word_1_62' title='bbox 1240 981 1273 1038; x_wconf 85' lang='lat' dir='ltr'><strong>et</strong></span> <span class='ocrx_word' id='word_1_63' title='bbox 1293 974 1388 1055; x_wconf 90' lang='lat' dir='ltr'><strong>quod</strong></span> <span class='ocrx_word' id='word_1_64' title='bbox 1412 970 1451 1054; x_wconf 89' lang='lat' dir='ltr'><strong>in</strong></span> <span class='ocrx_word' id='word_1_65' title='bbox 1474 973 1549 1036; x_wconf 75' lang='lat' dir='ltr'><strong>Vnt.</strong></span> <span class='ocrx_word' id='word_1_66' title='bbox 1565 975 1596 1036; x_wconf 80' lang='grc'><strong>5.</strong></span> <span class='ocrx_word' id='word_1_67' title='bbox 1614 982 1649 1038; x_wconf 88' lang='lat' dir='ltr'><strong>et</strong></span> <span class='ocrx_word' id='word_1_68' title='bbox 1666 978 1750 1043; x_wconf 86' lang='lat' dir='ltr'><strong>Ven.</strong></span> <span class='ocrx_word' id='word_1_69' title='bbox 1765 986 1802 1046; x_wconf 81' lang='grc'><strong>3.</strong></span> 
     </span>
     <span class='ocr_line' id='line_1_7' title="bbox 386 1076 1804 1170; baseline -0.001 -22"><span class='ocrx_word' id='word_1_70' title='bbox 386 1085 461 1148; x_wconf 81' lang='lat' dir='ltr'><strong>haec</strong></span> <span class='ocrx_word' id='word_1_71' title='bbox 478 1104 545 1149; x_wconf 80' lang='lat' dir='ltr'><strong>vox</strong></span> <span class='ocrx_word' id='word_1_72' title='bbox 561 1083 665 1168; x_wconf 89' lang='lat' dir='ltr'><strong>plane</strong></span> <span class='ocrx_word' id='word_1_73' title='bbox 680 1081 806 1148; x_wconf 78' lang='lat' dir='ltr'><strong>omissa</strong></span> <span class='ocrx_word' id='word_1_74' title='bbox 824 1092 883 1152; x_wconf 86' lang='lat' dir='ltr'><strong>est.</strong></span> <span class='ocrx_word' id='word_1_75' title='bbox 900 1077 1003 1164; x_wconf 81' lang='lat' dir='ltr'><strong>eique</strong></span> <span class='ocrx_word' id='word_1_76' title='bbox 1021 1076 1162 1170; x_wconf 74' lang='lat' dir='ltr'><strong>timido.</strong></span> <span class='ocrx_word' id='word_1_77' title='bbox 1186 1098 1254 1160; x_wconf 85' lang='lat' dir='ltr'><strong>que</strong></span> <span class='ocrx_word' id='word_1_78' title='bbox 1271 1077 1365 1140; x_wconf 80' lang='lat' dir='ltr'><strong>solus</strong></span> <span class='ocrx_word' id='word_1_79' title='bbox 1383 1079 1521 1142; x_wconf 84' lang='lat' dir='ltr'><strong>Eccard.</strong></span> <span class='ocrx_word' id='word_1_80' title='bbox 1549 1077 1682 1165; x_wconf 79' lang='lat' dir='ltr'><strong>omisit,</strong></span> <span class='ocrx_word' id='word_1_81' title='bbox 1707 1083 1804 1153; x_wconf 80' lang='lat' dir='ltr'><strong>liber</strong></span> 
     </span>
     <span class='ocr_line' id='line_1_8' title="bbox 386 1180 1801 1275; baseline 0.001 -23"><span class='ocrx_word' id='word_1_82' title='bbox 386 1190 482 1255; x_wconf 80' lang='lat' dir='ltr'><strong>haud</strong></span> <span class='ocrx_word' id='word_1_83' title='bbox 508 1189 557 1253; x_wconf 90' lang='lat' dir='ltr'><strong>ita</strong></span> <span class='ocrx_word' id='word_1_84' title='bbox 574 1207 708 1275; x_wconf 72' lang='lat' dir='ltr'><strong>magnae</strong></span> <span class='ocrx_word' id='word_1_85' title='bbox 726 1187 948 1254; x_wconf 71' lang='lat' dir='ltr'><strong>auctoritatis.</strong></span> <span class='ocrx_word' id='word_1_86' title='bbox 977 1204 1083 1268; x_wconf 87' lang='lat' dir='ltr'><strong>quare</strong></span> <span class='ocrx_word' id='word_1_87' title='bbox 1105 1187 1173 1248; x_wconf 90' lang='lat' dir='ltr'><strong>hoc</strong></span> <span class='ocrx_word' id='word_1_88' title='bbox 1199 1180 1341 1266; x_wconf 89' lang='lat' dir='ltr'><strong>quidem</strong></span> <span class='ocrx_word' id='word_1_89' title='bbox 1359 1182 1438 1247; x_wconf 90' lang='lat' dir='ltr'><strong>Ioco</strong></span> <span class='ocrx_word' id='word_1_90' title='bbox 1461 1183 1585 1267; x_wconf 87' lang='lat' dir='ltr'><strong>copula</strong></span> <span class='ocrx_word' id='word_1_91' title='bbox 1606 1185 1801 1260; x_wconf 81' lang='lat' dir='ltr'><strong>retinenda.</strong></span> 
     </span>
     <span class='ocr_line' id='line_1_9' title="bbox 386 1287 1798 1377; baseline -0.004 -17"><span class='ocrx_word' id='word_1_92' title='bbox 386 1297 447 1362; x_wconf 84' lang='lat' dir='ltr'><strong>sed</strong></span> <span class='ocrx_word' id='word_1_93' title='bbox 459 1315 605 1377; x_wconf 82' lang='lat' dir='ltr'><strong>nequens</strong></span> <span class='ocrx_word' id='word_1_94' title='bbox 626 1302 662 1361; x_wconf 85' lang='lat' dir='ltr'><strong>et</strong></span> <span class='ocrx_word' id='word_1_95' title='bbox 675 1297 761 1361; x_wconf 88' lang='lat' dir='ltr'><strong>Ven.</strong></span> <span class='ocrx_word' id='word_1_96' title='bbox 781 1311 810 1357; x_wconf 82' lang='lat' dir='ltr'><strong>a.</strong></span> <span class='ocrx_word' id='word_1_97' title='bbox 826 1301 860 1358; x_wconf 89' lang='lat' dir='ltr'><strong>et</strong></span> <span class='ocrx_word' id='word_1_98' title='bbox 881 1295 957 1357; x_wconf 82' lang='lat' dir='ltr'><strong>Vnt.</strong></span> <span class='ocrx_word' id='word_1_99' title='bbox 975 1308 1005 1355; x_wconf 79' lang='lat' dir='ltr'><strong>a.</strong></span> <span class='ocrx_word' id='word_1_100' title='bbox 1028 1290 1202 1356; x_wconf 89' lang='lat' dir='ltr'><strong>omittunt.</strong></span> <span class='ocrx_word' id='word_1_101' title='bbox 1225 1289 1326 1373; x_wconf 83' lang='lat' dir='ltr'><strong>quod</strong></span> <span class='ocrx_word' id='word_1_102' title='bbox 1337 1309 1385 1353; x_wconf 80' lang='lat' dir='ltr'><strong>ae.</strong></span> <span class='ocrx_word' id='word_1_103' title='bbox 1399 1287 1481 1354; x_wconf 80' lang='lat' dir='ltr'><strong>vide</strong></span> <span class='ocrx_word' id='word_1_104' title='bbox 1496 1289 1569 1352; x_wconf 75' lang='lat' dir='ltr'><strong>cat.</strong></span> <span class='ocrx_word' id='word_1_105' title='bbox 1586 1309 1660 1374; x_wconf 84' lang='lat' dir='ltr'><strong>cap.</strong></span> <span class='ocrx_word' id='word_1_106' title='bbox 1672 1296 1723 1369; x_wconf 77' lang='lat'><strong>³4.</strong></span> <span class='ocrx_word' id='word_1_107' title='bbox 1736 1298 1798 1360; x_wconf 81' lang='lat' dir='ltr'><strong>aed</strong></span> 
     </span>
     <span class='ocr_line' id='line_1_10' title="bbox 384 1392 1800 1483; baseline 0.002 -20"><span class='ocrx_word' id='word_1_108' title='bbox 384 1401 453 1465; x_wconf 87' lang='lat' dir='ltr'><strong>hoc</strong></span> <span class='ocrx_word' id='word_1_109' title='bbox 466 1399 664 1483; x_wconf 71' lang='lat' dir='ltr'><strong>insolitum,</strong></span> <span class='ocrx_word' id='word_1_110' title='bbox 679 1401 774 1482; x_wconf 86' lang='lat' dir='ltr'><strong>quod</strong></span> <span class='ocrx_word' id='word_1_111' title='bbox 787 1397 944 1462; x_wconf 92' lang='lat' dir='ltr'><strong>hocloco</strong></span> <span class='ocrx_word' id='word_1_112' title='bbox 960 1417 1032 1461; x_wconf 90' lang='lat' dir='ltr'><strong>non</strong></span> <span class='ocrx_word' id='word_1_113' title='bbox 1045 1395 1215 1481; x_wconf 84' lang='lat' dir='ltr'><strong>particula</strong></span> <span class='ocrx_word' id='word_1_114' title='bbox 1231 1393 1391 1480; x_wconf 81' lang='lat' dir='ltr'><strong>negativa</strong></span> <span class='ocrx_word' id='word_1_115' title='bbox 1399 1392 1580 1480; x_wconf 67' lang='lat' dir='ltr'><strong>procedit,</strong></span> <span class='ocrx_word' id='word_1_116' title='bbox 1597 1399 1692 1478; x_wconf 88' lang='lat' dir='ltr'><strong>quod</strong></span> <span class='ocrx_word' id='word_1_117' title='bbox 1708 1400 1800 1466; x_wconf 84' lang='lat' dir='ltr'><strong>alibi</strong></span> 
     </span>
     <span class='ocr_line' id='line_1_11' title="bbox 385 1499 1799 1588; baseline 0 -20"><span class='ocrx_word' id='word_1_118' title='bbox 385 1503 464 1568; x_wconf 80' lang='lat' dir='ltr'><strong>fieri</strong></span> <span class='ocrx_word' id='word_1_119' title='bbox 481 1503 578 1568; x_wconf 83' lang='lat' dir='ltr'><strong>solet.</strong></span> <span class='ocrx_word' id='word_1_120' title='bbox 598 1502 678 1568; x_wconf 81' lang='lat' dir='ltr'><strong>vide</strong></span> <span class='ocrx_word' id='word_1_121' title='bbox 697 1506 817 1569; x_wconf 80' lang='lat' dir='ltr'><strong>Horat.</strong></span> <span class='ocrx_word' id='word_1_122' title='bbox 837 1503 983 1568; x_wconf 77' lang='lat' dir='ltr'><strong>Turseli.</strong></span> <span class='ocrx_word' id='word_1_123' title='bbox 1003 1523 1081 1588; x_wconf 76' lang='lat' dir='ltr'><strong>pag.</strong></span> <span class='ocrx_word' id='word_1_124' title='bbox 1097 1502 1393 1585; x_wconf 74' lang='lat' dir='ltr'><strong>763.⁸eq.etlrda.</strong></span> <span class='ocrx_word' id='word_1_125' title='bbox 1423 1499 1595 1584; x_wconf 82' lang='lat' dir='ltr'><strong>exempla,</strong></span> <span class='ocrx_word' id='word_1_126' title='bbox 1615 1501 1678 1567; x_wconf 86' lang='lat' dir='ltr'><strong>uhi</strong></span> <span class='ocrx_word' id='word_1_127' title='bbox 1697 1505 1799 1569; x_wconf 81' lang='lat' dir='ltr'><strong>nulla</strong></span> 
     </span>
     <span class='ocr_line' id='line_1_12' title="bbox 385 1601 1796 1696; baseline 0.001 -24"><span class='ocrx_word' id='word_1_128' title='bbox 385 1609 526 1696; x_wconf 82' lang='lat' dir='ltr'><strong>negatio</strong></span> <span class='ocrx_word' id='word_1_129' title='bbox 547 1606 734 1694; x_wconf 79' lang='lat' dir='ltr'><strong>antecedit,</strong></span> <span class='ocrx_word' id='word_1_130' title='bbox 754 1628 827 1674; x_wconf 91' lang='lat' dir='ltr'><strong>non</strong></span> <span class='ocrx_word' id='word_1_131' title='bbox 841 1618 921 1674; x_wconf 85' lang='lat' dir='ltr'><strong>sunt</strong></span> <span class='ocrx_word' id='word_1_132' title='bbox 941 1607 979 1672; x_wconf 90' lang='lat' dir='ltr'><strong>in</strong></span> <span class='ocrx_word' id='word_1_133' title='bbox 996 1617 1169 1694; x_wconf 89' lang='lat' dir='ltr'><strong>promptu.</strong></span> <span class='ocrx_word' id='word_1_134' title='bbox 1189 1601 1478 1672; x_wconf 79' lang='lat' dir='ltr'><strong>mirericordiam</strong></span> <span class='ocrx_word' id='word_1_135' title='bbox 1499 1603 1586 1696; x_wconf 76' lang='lat' dir='ltr'><strong>ejus.</strong></span> <span class='ocrx_word' id='word_1_136' title='bbox 1604 1628 1705 1691; x_wconf 89' lang='lat' dir='ltr'><strong>pron.</strong></span> <span class='ocrx_word' id='word_1_137' title='bbox 1726 1627 1796 1674; x_wconf 91' lang='lat' dir='ltr'><strong>om.</strong></span> 
     </span>
     <span class='ocr_line' id='line_1_13' title="bbox 385 1710 1794 1797; baseline 0.001 -21"><span class='ocrx_word' id='word_1_138' title='bbox 385 1715 478 1779; x_wconf 88' lang='lat' dir='ltr'><strong>Med.</strong></span> <span class='ocrx_word' id='word_1_139' title='bbox 501 1736 531 1796; x_wconf 88' lang='lat'><strong>7.</strong></span> <span class='ocrx_word' id='word_1_140' title='bbox 555 1721 588 1779; x_wconf 89' lang='lat' dir='ltr'><strong>et</strong></span> <span class='ocrx_word' id='word_1_141' title='bbox 606 1716 680 1780; x_wconf 91' lang='lat' dir='ltr'><strong>Vat.</strong></span> <span class='ocrx_word' id='word_1_142' title='bbox 698 1716 727 1782; x_wconf 80' lang='lat'><strong>⁶.</strong></span> <span class='ocrx_word' id='word_1_143' title='bbox 748 1735 825 1778; x_wconf 89' lang='lat' dir='ltr'><strong>cum</strong></span> <span class='ocrx_word' id='word_1_144' title='bbox 846 1714 904 1780; x_wconf 91' lang='lat' dir='ltr'><strong>hic</strong></span> <span class='ocrx_word' id='word_1_145' title='bbox 925 1714 1017 1780; x_wconf 90' lang='lat' dir='ltr'><strong>liber</strong></span> <span class='ocrx_word' id='word_1_146' title='bbox 1033 1713 1079 1778; x_wconf 84' lang='lat' dir='ltr'><strong>sit</strong></span> <span class='ocrx_word' id='word_1_147' title='bbox 1097 1733 1116 1780; x_wconf 88' lang='lat' dir='ltr'><strong>e</strong></span> <span class='ocrx_word' id='word_1_148' title='bbox 1136 1711 1356 1797; x_wconf 72' lang='lat' dir='ltr'><strong>melioribus,</strong></span> <span class='ocrx_word' id='word_1_149' title='bbox 1385 1710 1457 1792; x_wconf 76' lang='lat' dir='ltr'><strong>eiua</strong></span> <span class='ocrx_word' id='word_1_150' title='bbox 1482 1712 1677 1778; x_wconf 73' lang='lat' dir='ltr'><strong>auctoritati</strong></span> <span class='ocrx_word' id='word_1_151' title='bbox 1697 1717 1794 1780; x_wconf 88' lang='lat' dir='ltr'><strong>cedo.</strong></span> 
     </span>
     <span class='ocr_line' id='line_1_14' title="bbox 378 1811 1800 1909; baseline 0 -27"><span class='ocrx_word' id='word_1_152' title='bbox 378 1811 381 1820; x_wconf 69' lang='grc'><em>’</em></span> <span class='ocrx_word' id='word_1_153' title='bbox 455 1821 536 1902; x_wconf 86' lang='lat' dir='ltr'><strong>Cap.</strong></span> <span class='ocrx_word' id='word_1_154' title='bbox 559 1819 710 1882; x_wconf 87' lang='lat' dir='ltr'><strong>XXXIII.</strong></span> <span class='ocrx_word' id='word_1_155' title='bbox 732 1815 770 1882; x_wconf 83' lang='lat' dir='ltr'><strong>in</strong></span> <span class='ocrx_word' id='word_1_156' title='bbox 794 1815 872 1903; x_wconf 72' lang='lat' dir='ltr'><strong>apso</strong></span> <span class='ocrx_word' id='word_1_157' title='bbox 896 1841 1033 1909; x_wconf 81' lang='lat' dir='ltr'><strong>magna</strong></span> <span class='ocrx_word' id='word_1_158' title='bbox 1050 1815 1100 1884; x_wconf 70' lang='lat' dir='ltr'><strong>vis</strong></span> <span class='ocrx_word' id='word_1_159' title='bbox 1110 1815 1338 1902; x_wconf 71' lang='lat' dir='ltr'><strong>antirrr&#39;erat,</strong></span> <span class='ocrx_word' id='word_1_160' title='bbox 1358 1817 1605 1903; x_wconf 67' lang='lat' dir='ltr'><strong>confirmatus.</strong></span> <span class='ocrx_word' id='word_1_161' title='bbox 1624 1819 1800 1884; x_wconf 77' lang='lat' dir='ltr'><strong>harecor-</strong></span> 
     </span>
     <span class='ocr_line' id='line_1_15' title="bbox 385 1921 1797 2009; baseline 0.003 -23"><span class='ocrx_word' id='word_1_162' title='bbox 385 1923 454 1988; x_wconf 80' lang='lat' dir='ltr'><strong>tius</strong></span> <span class='ocrx_word' id='word_1_163' title='bbox 469 1923 648 2009; x_wconf 81' lang='lat' dir='ltr'><strong>jungenda</strong></span> <span class='ocrx_word' id='word_1_164' title='bbox 665 1943 737 1990; x_wconf 77' lang='lat' dir='ltr'><strong>este</strong></span> <span class='ocrx_word' id='word_1_165' title='bbox 748 1923 899 2009; x_wconf 86' lang='lat' dir='ltr'><strong>judicat,</strong></span> <span class='ocrx_word' id='word_1_166' title='bbox 919 1921 960 1990; x_wconf 81' lang='lat' dir='ltr'><strong>et‘</strong></span> <span class='ocrx_word' id='word_1_167' title='bbox 973 1924 1224 1990; x_wconf 82' lang='lat' dir='ltr'><strong>nominativum</strong></span> <span class='ocrx_word' id='word_1_168' title='bbox 1241 1923 1438 2000; x_wconf 77' lang='lat' dir='ltr'><strong>ahsolutum</strong></span> <span class='ocrx_word' id='word_1_169' title='bbox 1454 1939 1525 1988; x_wconf 78' lang='lat' dir='ltr'><strong>este</strong></span> <span class='ocrx_word' id='word_1_170' title='bbox 1540 1921 1635 1987; x_wconf 87' lang='lat' dir='ltr'><strong>dicit.</strong></span> <span class='ocrx_word' id='word_1_171' title='bbox 1653 1923 1691 1986; x_wconf 90' lang='lat' dir='ltr'><strong>id</strong></span> <span class='ocrx_word' id='word_1_172' title='bbox 1700 1927 1797 2006; x_wconf 87' lang='lat' dir='ltr'><strong>quod</strong></span> 
     </span>
     <span class='ocr_line' id='line_1_16' title="bbox 384 2015 1801 2118; baseline 0.001 -26"><span class='ocrx_word' id='word_1_173' title='bbox 384 2015 617 2094; x_wconf 78' lang='lat' dir='ltr'><strong>falsissimum.</strong></span> <span class='ocrx_word' id='word_1_174' title='bbox 648 2030 773 2112; x_wconf 84' lang='lat' dir='ltr'><strong>quodsi</strong></span> <span class='ocrx_word' id='word_1_175' title='bbox 800 2030 895 2095; x_wconf 90' lang='lat' dir='ltr'><strong>enim</strong></span> <span class='ocrx_word' id='word_1_176' title='bbox 923 2030 961 2094; x_wconf 93' lang='lat' dir='ltr'><strong>in</strong></span> <span class='ocrx_word' id='word_1_177' title='bbox 990 2031 1066 2116; x_wconf 79' lang='lat' dir='ltr'><strong>ipso</strong></span> <span class='ocrx_word' id='word_1_178' title='bbox 1092 2051 1218 2118; x_wconf 77' lang='lat' dir='ltr'><strong>magna</strong></span> <span class='ocrx_word' id='word_1_179' title='bbox 1236 2030 1287 2094; x_wconf 79' lang='lat' dir='ltr'><strong>vis</strong></span> <span class='ocrx_word' id='word_1_180' title='bbox 1305 2029 1416 2096; x_wconf 82' lang='lat' dir='ltr'><strong>animi</strong></span> <span class='ocrx_word' id='word_1_181' title='bbox 1436 2035 1525 2112; x_wconf 82' lang='lat' dir='ltr'><strong>erat,</strong></span> <span class='ocrx_word' id='word_1_182' title='bbox 1554 2027 1641 2110; x_wconf 87' lang='lat' dir='ltr'><strong>quid</strong></span> <span class='ocrx_word' id='word_1_183' title='bbox 1661 2029 1693 2094; x_wconf 92' lang='lat' dir='ltr'><strong>ei</strong></span> <span class='ocrx_word' id='word_1_184' title='bbox 1708 2049 1801 2113; x_wconf 65' lang='lat' dir='ltr'><strong>opus</strong></span> 
     </span>
     <span class='ocr_line' id='line_1_17' title="bbox 385 2119 1798 2221; baseline 0.002 -25"><span class='ocrx_word' id='word_1_185' title='bbox 385 2141 576 2199; x_wconf 87' lang='lat' dir='ltr'><strong>ceterorum</strong></span> <span class='ocrx_word' id='word_1_186' title='bbox 592 2119 879 2199; x_wconf 77' lang='lat' dir='ltr'><strong>confirmatione?</strong></span> <span class='ocrx_word' id='word_1_187' title='bbox 899 2137 959 2200; x_wconf 80' lang='lat' dir='ltr'><strong>ned</strong></span> <span class='ocrx_word' id='word_1_188' title='bbox 976 2137 1021 2198; x_wconf 86' lang='lat' dir='ltr'><strong>ad</strong></span> <span class='ocrx_word' id='word_1_189' title='bbox 1037 2135 1303 2220; x_wconf 77' lang='lat' dir='ltr'><strong>aequentiahaec</strong></span> <span class='ocrx_word' id='word_1_190' title='bbox 1328 2134 1511 2221; x_wconf 89' lang='lat' dir='ltr'><strong>pertinent.</strong></span> <span class='ocrx_word' id='word_1_191' title='bbox 1532 2133 1665 2200; x_wconf 76' lang='lat' dir='ltr'><strong>scilicet</strong></span> <span class='ocrx_word' id='word_1_192' title='bbox 1684 2133 1798 2199; x_wconf 87' lang='lat' dir='ltr'><strong>tn&#39;bu-</strong></span> 
     </span>
     <span class='ocr_line' id='line_1_18' title="bbox 384 2238 1798 2326; baseline 0.002 -25"><span class='ocrx_word' id='word_1_193' title='bbox 384 2259 469 2302; x_wconf 90' lang='lat' dir='ltr'><strong>nnm</strong></span> <span class='ocrx_word' id='word_1_194' title='bbox 486 2239 600 2324; x_wconf 84' lang='lat' dir='ltr'><strong>plebis</strong></span> <span class='ocrx_word' id='word_1_195' title='bbox 625 2260 843 2325; x_wconf 89' lang='lat' dir='ltr'><strong>corrumpere</strong></span> <span class='ocrx_word' id='word_1_196' title='bbox 856 2241 1026 2326; x_wconf 85' lang='lat' dir='ltr'><strong>Iugurtha</strong></span> <span class='ocrx_word' id='word_1_197' title='bbox 1046 2262 1118 2306; x_wconf 90' lang='lat' dir='ltr'><strong>non</strong></span> <span class='ocrx_word' id='word_1_198' title='bbox 1136 2259 1238 2306; x_wconf 78' lang='lat' dir='ltr'><strong>aurun</strong></span> <span class='ocrx_word' id='word_1_199' title='bbox 1256 2250 1322 2322; x_wconf 62' lang='grc' dir='ltr'><strong>θεῖς</strong></span> <span class='ocrx_word' id='word_1_200' title='bbox 1340 2244 1401 2308; x_wconf 77' lang='lat' dir='ltr'><strong>sed</strong></span> <span class='ocrx_word' id='word_1_201' title='bbox 1422 2261 1499 2304; x_wconf 89' lang='lat' dir='ltr'><strong>cum</strong></span> <span class='ocrx_word' id='word_1_202' title='bbox 1514 2238 1672 2304; x_wconf 87' lang='lat' dir='ltr'><strong>animum</strong></span> <span class='ocrx_word' id='word_1_203' title='bbox 1689 2239 1721 2306; x_wconf 92' lang='lat' dir='ltr'><strong>ei</strong></span> <span class='ocrx_word' id='word_1_204' title='bbox 1733 2242 1798 2304; x_wconf 87' lang='lat' dir='ltr'><strong>ad-</strong></span> 
     </span>
     <span class='ocr_line' id='line_1_19' title="bbox 384 2343 1797 2431; baseline 0 -23"><span class='ocrx_word' id='word_1_205' title='bbox 384 2343 505 2410; x_wconf 89' lang='lat' dir='ltr'><strong>derent</strong></span> <span class='ocrx_word' id='word_1_206' title='bbox 525 2353 575 2409; x_wconf 89' lang='lat' dir='ltr'><strong>tot</strong></span> <span class='ocrx_word' id='word_1_207' title='bbox 588 2345 657 2409; x_wconf 81' lang='lat' dir='ltr'><strong>riri</strong></span> <span class='ocrx_word' id='word_1_208' title='bbox 675 2345 826 2431; x_wconf 80' lang='lat' dir='ltr'><strong>nobiles,</strong></span> <span class='ocrx_word' id='word_1_209' title='bbox 844 2365 964 2412; x_wconf 89' lang='lat' dir='ltr'><strong>eornm</strong></span> <span class='ocrx_word' id='word_1_210' title='bbox 982 2345 1128 2412; x_wconf 87' lang='lat' dir='ltr'><strong>consilio</strong></span> <span class='ocrx_word' id='word_1_211' title='bbox 1147 2349 1192 2410; x_wconf 85' lang='lat' dir='ltr'><strong>ad</strong></span> <span class='ocrx_word' id='word_1_212' title='bbox 1214 2355 1348 2410; x_wconf 85' lang='lat' dir='ltr'><strong>tantum</strong></span> <span class='ocrx_word' id='word_1_213' title='bbox 1366 2345 1499 2410; x_wconf 75' lang='lat' dir='ltr'><strong>lacinus</strong></span> <span class='ocrx_word' id='word_1_214' title='bbox 1514 2363 1551 2410; x_wconf 82' lang='lat' dir='ltr'><strong>ae</strong></span> <span class='ocrx_word' id='word_1_215' title='bbox 1567 2344 1705 2430; x_wconf 82' lang='lat' dir='ltr'><strong>impelli</strong></span> <span class='ocrx_word' id='word_1_216' title='bbox 1717 2353 1797 2430; x_wconf 54' lang='lat' dir='ltr'><strong>para</strong></span> 
     </span>
     <span class='ocr_line' id='line_1_20' title="bbox 382 2448 1798 2541; baseline 0 -27"><span class='ocrx_word' id='word_1_217' title='bbox 382 2465 441 2514; x_wconf 78' lang='lat' dir='ltr'><strong>nus</strong></span> <span class='ocrx_word' id='word_1_218' title='bbox 461 2457 520 2514; x_wconf 82' lang='lat' dir='ltr'><strong>ent.</strong></span> <span class='ocrx_word' id='word_1_219' title='bbox 543 2459 679 2516; x_wconf 85' lang='lat' dir='ltr'><strong>cuncta</strong></span> <span class='ocrx_word' id='word_1_220' title='bbox 699 2475 742 2518; x_wconf 85' lang='lat' dir='ltr'><strong>ea</strong></span> <span class='ocrx_word' id='word_1_221' title='bbox 760 2458 942 2541; x_wconf 75' lang='lat' dir='ltr'><strong>gesserat,</strong></span> <span class='ocrx_word' id='word_1_222' title='bbox 964 2473 1058 2534; x_wconf 81' lang='lat' dir='ltr'><strong>quae</strong></span> <span class='ocrx_word' id='word_1_223' title='bbox 1072 2473 1186 2537; x_wconf 75' lang='lat' dir='ltr'><strong>supra</strong></span> <span class='ocrx_word' id='word_1_224' title='bbox 1203 2448 1371 2518; x_wconf 68' lang='lat' dir='ltr'><strong>«inimus.</strong></span> <span class='ocrx_word' id='word_1_225' title='bbox 1392 2451 1432 2516; x_wconf 89' lang='lat' dir='ltr'><strong>in</strong></span> <span class='ocrx_word' id='word_1_226' title='bbox 1452 2451 1519 2514; x_wconf 90' lang='lat' dir='ltr'><strong>hoc</strong></span> <span class='ocrx_word' id='word_1_227' title='bbox 1540 2449 1619 2515; x_wconf 91' lang='lat' dir='ltr'><strong>Ioco</strong></span> <span class='ocrx_word' id='word_1_228' title='bbox 1634 2449 1719 2514; x_wconf 90' lang='lat' dir='ltr'><strong>libri</strong></span> <span class='ocrx_word' id='word_1_229' title='bbox 1727 2453 1798 2514; x_wconf 83' lang='lat' dir='ltr'><strong>Ita·</strong></span> 
     </span>
     <span class='ocr_line' id='line_1_21' title="bbox 309 2547 1797 2640; baseline 0.004 -26"><span class='ocrx_word' id='word_1_230' title='bbox 309 2547 311 2552; x_wconf 82' lang='grc'><strong>’</strong></span> <span class='ocrx_word' id='word_1_231' title='bbox 382 2552 446 2616; x_wconf 89' lang='lat' dir='ltr'><strong>lici</strong></span> <span class='ocrx_word' id='word_1_232' title='bbox 463 2553 553 2616; x_wconf 86' lang='lat' dir='ltr'><strong>nihil</strong></span> <span class='ocrx_word' id='word_1_233' title='bbox 573 2555 722 2640; x_wconf 86' lang='lat' dir='ltr'><strong>variant,</strong></span> <span class='ocrx_word' id='word_1_234' title='bbox 744 2555 813 2620; x_wconf 83' lang='lat' dir='ltr'><strong>nisi</strong></span> <span class='ocrx_word' id='word_1_235' title='bbox 829 2560 923 2640; x_wconf 90' lang='lat' dir='ltr'><strong>quod</strong></span> <span class='ocrx_word' id='word_1_236' title='bbox 940 2561 1015 2626; x_wconf 84' lang='lat' dir='ltr'><strong>Vnt.</strong></span> <span class='ocrx_word' id='word_1_237' title='bbox 1032 2560 1061 2622; x_wconf 81' lang='lat'><strong>⁵.</strong></span> <span class='ocrx_word' id='word_1_238' title='bbox 1085 2579 1128 2622; x_wconf 83' lang='lat' dir='ltr'><strong>ea</strong></span> <span class='ocrx_word' id='word_1_239' title='bbox 1149 2555 1287 2622; x_wconf 86' lang='lat' dir='ltr'><strong>omittit.</strong></span> <span class='ocrx_word' id='word_1_240' title='bbox 1311 2555 1405 2638; x_wconf 86' lang='lat' dir='ltr'><strong>quod</strong></span> <span class='ocrx_word' id='word_1_241' title='bbox 1424 2553 1562 2620; x_wconf 80' lang='lat' dir='ltr'><strong>ridetur</strong></span> <span class='ocrx_word' id='word_1_242' title='bbox 1584 2573 1656 2622; x_wconf 81' lang='lat' dir='ltr'><strong>enee</strong></span> <span class='ocrx_word' id='word_1_243' title='bbox 1676 2555 1797 2620; x_wconf 86' lang='lat' dir='ltr'><strong>delen·</strong></span> 
     </span>
     <span class='ocr_line' id='line_1_22' title="bbox 383 2655 1796 2746; baseline 0.004 -29"><span class='ocrx_word' id='word_1_244' title='bbox 383 2657 478 2719; x_wconf 88' lang='lat' dir='ltr'><strong>dum.</strong></span> <span class='ocrx_word' id='word_1_245' title='bbox 499 2658 558 2718; x_wconf 83' lang='lat' dir='ltr'><strong>sed</strong></span> <span class='ocrx_word' id='word_1_246' title='bbox 576 2665 687 2720; x_wconf 84' lang='lat' dir='ltr'><strong>cetera</strong></span> <span class='ocrx_word' id='word_1_247' title='bbox 708 2679 911 2744; x_wconf 83' lang='lat' dir='ltr'><strong>expungere,</strong></span> <span class='ocrx_word' id='word_1_248' title='bbox 930 2657 1014 2744; x_wconf 86' lang='lat' dir='ltr'><strong>quia</strong></span> <span class='ocrx_word' id='word_1_249' title='bbox 1033 2663 1073 2726; x_wconf 93' lang='lat' dir='ltr'><strong>in</strong></span> <span class='ocrx_word' id='word_1_250' title='bbox 1088 2662 1168 2726; x_wconf 78' lang='lat' dir='ltr'><strong>aliie</strong></span> <span class='ocrx_word' id='word_1_251' title='bbox 1185 2661 1285 2726; x_wconf 74' lang='lat' dir='ltr'><strong>librIa</strong></span> <span class='ocrx_word' id='word_1_252' title='bbox 1303 2669 1351 2726; x_wconf 80' lang='lat' dir='ltr'><strong>eet</strong></span> <span class='ocrx_word' id='word_1_253' title='bbox 1363 2655 1694 2742; x_wconf 79' lang='lat' dir='ltr'><strong>memoravimue,in</strong></span> <span class='ocrx_word' id='word_1_254' title='bbox 1702 2677 1796 2746; x_wconf 90' lang='lat' dir='ltr'><strong>non-</strong></span> 
     </span>
     <span class='ocr_line' id='line_1_23' title="bbox 345 2751 1797 2848; baseline 0.001 -22"><span class='ocrx_word' id='word_1_255' title='bbox 345 2751 361 2796; x_wconf 57' lang='lat' dir='ltr'><em>s</em></span> <span class='ocrx_word' id='word_1_256' title='bbox 383 2759 492 2840; x_wconf 76' lang='lat' dir='ltr'><strong>nullis</strong></span> <span class='ocrx_word' id='word_1_257' title='bbox 514 2757 761 2841; x_wconf 73' lang='lat' dir='ltr'><strong>narravimus,</strong></span> <span class='ocrx_word' id='word_1_258' title='bbox 781 2763 871 2828; x_wconf 92' lang='lat' dir='ltr'><strong>mihi</strong></span> <span class='ocrx_word' id='word_1_259' title='bbox 886 2765 1028 2848; x_wconf 89' lang='lat' dir='ltr'><strong>quidem</strong></span> <span class='ocrx_word' id='word_1_260' title='bbox 1044 2767 1183 2832; x_wconf 84' lang='lat' dir='ltr'><strong>videtur</strong></span> <span class='ocrx_word' id='word_1_261' title='bbox 1203 2785 1274 2832; x_wconf 81' lang='lat' dir='ltr'><strong>ease</strong></span> <span class='ocrx_word' id='word_1_262' title='bbox 1294 2764 1466 2829; x_wconf 72' lang='lat' dir='ltr'><strong>audacius.</strong></span> <span class='ocrx_word' id='word_1_263' title='bbox 1483 2764 1586 2828; x_wconf 76' lang='lat' dir='ltr'><strong>facile</strong></span> <span class='ocrx_word' id='word_1_264' title='bbox 1604 2762 1699 2828; x_wconf 88' lang='lat' dir='ltr'><strong>enim</strong></span> <span class='ocrx_word' id='word_1_265' title='bbox 1715 2763 1797 2828; x_wconf 84' lang='lat' dir='ltr'><strong>fieri</strong></span> 
     </span>
     <span class='ocr_line' id='line_1_24' title="bbox 381 2865 1796 2949; baseline 0.003 -19"><span class='ocrx_word' id='word_1_266' title='bbox 381 2865 512 2949; x_wconf 88' lang='lat' dir='ltr'><strong>potuit,</strong></span> <span class='ocrx_word' id='word_1_267' title='bbox 532 2874 569 2928; x_wconf 89' lang='lat' dir='ltr'><strong>ut</strong></span> <span class='ocrx_word' id='word_1_268' title='bbox 589 2865 732 2932; x_wconf 86' lang='lat' dir='ltr'><strong>librarii</strong></span> <span class='ocrx_word' id='word_1_269' title='bbox 747 2871 815 2933; x_wconf 89' lang='lat' dir='ltr'><strong>hoc</strong></span> <span class='ocrx_word' id='word_1_270' title='bbox 836 2873 942 2936; x_wconf 89' lang='lat' dir='ltr'><strong>modo</strong></span> <span class='ocrx_word' id='word_1_271' title='bbox 960 2873 1105 2938; x_wconf 82' lang='lat' dir='ltr'><strong>verbum</strong></span> <span class='ocrx_word' id='word_1_272' title='bbox 1123 2870 1282 2936; x_wconf 76' lang='lat' dir='ltr'><strong>dicimur</strong></span> <span class='ocrx_word' id='word_1_273' title='bbox 1302 2889 1374 2934; x_wconf 88' lang='lat' dir='ltr'><strong>non</strong></span> <span class='ocrx_word' id='word_1_274' title='bbox 1392 2869 1474 2934; x_wconf 75' lang='lat' dir='ltr'><strong>ratic</strong></span> <span class='ocrx_word' id='word_1_275' title='bbox 1498 2870 1662 2934; x_wconf 79' lang='lat' dir='ltr'><strong>unitatum</strong></span> <span class='ocrx_word' id='word_1_276' title='bbox 1685 2869 1796 2934; x_wconf 90' lang='lat' dir='ltr'><strong>inter-</strong></span> 
     </span>
     <span class='ocr_line' id='line_1_25' title="bbox 377 2957 1796 3066; baseline 0.005 -33"><span class='ocrx_word' id='word_1_277' title='bbox 377 2980 607 3053; x_wconf 88' lang='lat' dir='ltr'><strong>pretarentur.</strong></span> <span class='ocrx_word' id='word_1_278' title='bbox 620 2971 689 3065; x_wconf 81' lang='lat' dir='ltr'><strong>jua</strong></span> <span class='ocrx_word' id='word_1_279' title='bbox 709 2981 745 3038; x_wconf 84' lang='lat' dir='ltr'><strong>et</strong></span> <span class='ocrx_word' id='word_1_280' title='bbox 766 2971 937 3066; x_wconf 79' lang='lat' dir='ltr'><strong>injuriae.</strong></span> <span class='ocrx_word' id='word_1_281' title='bbox 958 2976 1116 3061; x_wconf 84' lang='lat' dir='ltr'><strong>opposita</strong></span> <span class='ocrx_word' id='word_1_282' title='bbox 1132 2957 1281 3064; x_wconf 82' lang='lat' dir='ltr'><strong>jungere</strong></span> <span class='ocrx_word' id='word_1_283' title='bbox 1297 2983 1387 3038; x_wconf 84' lang='lat' dir='ltr'><strong>amat</strong></span> <span class='ocrx_word' id='word_1_284' title='bbox 1410 2975 1586 3040; x_wconf 77' lang='lat' dir='ltr'><strong>Salustius.</strong></span> <span class='ocrx_word' id='word_1_285' title='bbox 1607 2973 1668 3039; x_wconf 83' lang='lat' dir='ltr'><strong>clr.</strong></span> <span class='ocrx_word' id='word_1_286' title='bbox 1691 2993 1796 3060; x_wconf 79' lang='lat' dir='ltr'><strong>cupra</strong></span> 
     </span>
     <span class='ocr_line' id='line_1_26' title="bbox 383 3075 1799 3163; baseline 0.004 -26"><span class='ocrx_word' id='word_1_287' title='bbox 383 3095 455 3160; x_wconf 88' lang='lat' dir='ltr'><strong>cap.</strong></span> <span class='ocrx_word' id='word_1_288' title='bbox 473 3095 520 3154; x_wconf 77' lang='lat'><strong>14.</strong></span> <span class='ocrx_word' id='word_1_289' title='bbox 541 3087 574 3141; x_wconf 89' lang='lat' dir='ltr'><strong>et</strong></span> <span class='ocrx_word' id='word_1_290' title='bbox 595 3077 780 3163; x_wconf 73' lang='lat' dir='ltr'><strong>saepissime</strong></span> <span class='ocrx_word' id='word_1_291' title='bbox 798 3081 895 3146; x_wconf 88' lang='lat' dir='ltr'><strong>alibi.</strong></span> <span class='ocrx_word' id='word_1_292' title='bbox 927 3079 1073 3147; x_wconf 68' lang='lat' dir='ltr'><strong>sceleris</strong></span> <span class='ocrx_word' id='word_1_293' title='bbox 1088 3077 1157 3147; x_wconf 79' lang='lat' dir='ltr'><strong>sui.</strong></span> <span class='ocrx_word' id='word_1_294' title='bbox 1168 3077 1230 3145; x_wconf 81' lang='lat' dir='ltr'><strong>cui</strong></span> <span class='ocrx_word' id='word_1_295' title='bbox 1238 3100 1308 3146; x_wconf 90' lang='lat' dir='ltr'><strong>om.</strong></span> <span class='ocrx_word' id='word_1_296' title='bbox 1320 3082 1395 3147; x_wconf 85' lang='lat' dir='ltr'><strong>Vnt.</strong></span> <span class='ocrx_word' id='word_1_297' title='bbox 1406 3081 1435 3144; x_wconf 80' lang='lat'><strong>5.</strong></span> <span class='ocrx_word' id='word_1_298' title='bbox 1454 3078 1576 3146; x_wconf 74' lang='lat' dir='ltr'><strong>socios</strong></span> <span class='ocrx_word' id='word_1_299' title='bbox 1592 3075 1799 3146; x_wconf 75' lang='lat' dir='ltr'><strong>cunctanti</strong></span> 
     </span>
     <span class='ocr_line' id='line_1_27' title="bbox 348 3177 1797 3270; baseline 0.003 -27"><span class='ocrx_word' id='word_1_300' title='bbox 348 3195 353 3202; x_wconf 83' lang='lat'>·</span> <span class='ocrx_word' id='word_1_301' title='bbox 381 3177 530 3243; x_wconf 66' lang='lat' dir='ltr'><strong>sceleris</strong></span> <span class='ocrx_word' id='word_1_302' title='bbox 549 3185 634 3250; x_wconf 89' lang='lat' dir='ltr'><strong>Ven.</strong></span> <span class='ocrx_word' id='word_1_303' title='bbox 659 3201 688 3247; x_wconf 85' lang='lat'><strong>2.</strong></span> <span class='ocrx_word' id='word_1_304' title='bbox 716 3207 794 3249; x_wconf 90' lang='lat' dir='ltr'><strong>cum</strong></span> <span class='ocrx_word' id='word_1_305' title='bbox 810 3190 949 3252; x_wconf 81' lang='lat' dir='ltr'><strong>accedat</strong></span> <span class='ocrx_word' id='word_1_306' title='bbox 968 3187 1115 3251; x_wconf 82' lang='lat' dir='ltr'><strong>varietas</strong></span> <span class='ocrx_word' id='word_1_307' title='bbox 1133 3187 1305 3254; x_wconf 87' lang='lat' dir='ltr'><strong>librorum</strong></span> <span class='ocrx_word' id='word_1_308' title='bbox 1326 3184 1436 3270; x_wconf 78' lang='lat' dir='ltr'><strong>nivii,</strong></span> <span class='ocrx_word' id='word_1_309' title='bbox 1462 3205 1656 3270; x_wconf 88' lang='lat' dir='ltr'><strong>pronomen</strong></span> <span class='ocrx_word' id='word_1_310' title='bbox 1674 3185 1797 3250; x_wconf 86' lang='lat' dir='ltr'><strong>delen-</strong></span> 
     </span>
     <span class='ocr_line' id='line_1_28' title="bbox 382 3286 1797 3375; baseline 0.006 -29"><span class='ocrx_word' id='word_1_311' title='bbox 382 3286 466 3348; x_wconf 89' lang='lat' dir='ltr'><strong>dum</strong></span> <span class='ocrx_word' id='word_1_312' title='bbox 486 3305 557 3352; x_wconf 82' lang='lat' dir='ltr'><strong>esse</strong></span> <span class='ocrx_word' id='word_1_313' title='bbox 576 3307 706 3352; x_wconf 84' lang='lat' dir='ltr'><strong>censeo.</strong></span> <span class='ocrx_word' id='word_1_314' title='bbox 728 3287 874 3355; x_wconf 76' lang='lat' dir='ltr'><strong>animos</strong></span> <span class='ocrx_word' id='word_1_315' title='bbox 894 3311 1030 3356; x_wconf 84' lang='lat' dir='ltr'><strong>eorum.</strong></span> <span class='ocrx_word' id='word_1_316' title='bbox 1051 3313 1246 3375; x_wconf 87' lang='lat' dir='ltr'><strong>pronomen</strong></span> <span class='ocrx_word' id='word_1_317' title='bbox 1267 3291 1371 3356; x_wconf 78' lang='lat' dir='ltr'><strong>nnius</strong></span> <span class='ocrx_word' id='word_1_318' title='bbox 1390 3291 1476 3354; x_wconf 88' lang='lat' dir='ltr'><strong>libri</strong></span> <span class='ocrx_word' id='word_1_319' title='bbox 1498 3291 1567 3356; x_wconf 91' lang='lat' dir='ltr'><strong>fide</strong></span> <span class='ocrx_word' id='word_1_320' title='bbox 1587 3290 1722 3354; x_wconf 76' lang='lat' dir='ltr'><strong>eortius</strong></span> <span class='ocrx_word' id='word_1_321' title='bbox 1734 3309 1797 3354; x_wconf 86' lang='lat' dir='ltr'><strong>ex·</strong></span> 
     </span>
     <span class='ocr_line' id='line_1_29' title="bbox 381 3390 1794 3486; baseline 0.011 -38"><span class='ocrx_word' id='word_1_322' title='bbox 381 3390 522 3470; x_wconf 80' lang='lat' dir='ltr'><strong>punxit3</strong></span> <span class='ocrx_word' id='word_1_323' title='bbox 548 3393 608 3454; x_wconf 82' lang='lat' dir='ltr'><strong>sed</strong></span> <span class='ocrx_word' id='word_1_324' title='bbox 636 3393 703 3456; x_wconf 90' lang='lat' dir='ltr'><strong>hoc</strong></span> <span class='ocrx_word' id='word_1_325' title='bbox 726 3401 775 3456; x_wconf 87' lang='lat' dir='ltr'><strong>est</strong></span> <span class='ocrx_word' id='word_1_326' title='bbox 796 3393 1002 3486; x_wconf 81' lang='lat' dir='ltr'><strong>elegantius,</strong></span> <span class='ocrx_word' id='word_1_327' title='bbox 1024 3416 1127 3478; x_wconf 87' lang='lat' dir='ltr'><strong>quarn</strong></span> <span class='ocrx_word' id='word_1_328' title='bbox 1153 3399 1283 3480; x_wconf 88' lang='lat' dir='ltr'><strong>quoda</strong></span> <span class='ocrx_word' id='word_1_329' title='bbox 1306 3396 1460 3462; x_wconf 79' lang='lat' dir='ltr'><strong>librariis</strong></span> <span class='ocrx_word' id='word_1_330' title='bbox 1480 3395 1794 3464; x_wconf 71' lang='lat' dir='ltr'><strong>additamentum</strong></span> 
     </span>
     <span class='ocr_line' id='line_1_30' title="bbox 382 3487 1795 3584; baseline 0.008 -28"><span class='ocrx_word' id='word_1_331' title='bbox 382 3487 659 3573; x_wconf 83' lang='lat' dir='ltr'><strong>Numidiaeque.</strong></span> <span class='ocrx_word' id='word_1_332' title='bbox 701 3497 851 3558; x_wconf 83' lang='lat' dir='ltr'><strong>Nomina</strong></span> <span class='ocrx_word' id='word_1_333' title='bbox 874 3507 1042 3560; x_wconf 86' lang='lat' dir='ltr'><strong>terrarum</strong></span> <span class='ocrx_word' id='word_1_334' title='bbox 1063 3503 1186 3584; x_wconf 72' lang='lat' dir='ltr'><strong>saepius</strong></span> <span class='ocrx_word' id='word_1_335' title='bbox 1206 3505 1244 3566; x_wconf 86' lang='lat' dir='ltr'><strong>ut</strong></span> <span class='ocrx_word' id='word_1_336' title='bbox 1264 3503 1408 3568; x_wconf 81' lang='lat' dir='ltr'><strong>nomina</strong></span> <span class='ocrx_word' id='word_1_337' title='bbox 1427 3501 1568 3568; x_wconf 86' lang='lat' dir='ltr'><strong>urbium</strong></span> <span class='ocrx_word' id='word_1_338' title='bbox 1588 3508 1795 3566; x_wconf 73' lang='lat' dir='ltr'><strong>construun-</strong></span> 
     </span>
     <span class='ocr_line' id='line_1_31' title="bbox 382 3595 1793 3688; baseline 0.01 -28"><span class='ocrx_word' id='word_1_339' title='bbox 382 3605 453 3678; x_wconf 85' lang='lat' dir='ltr'><strong>tur;</strong></span> <span class='ocrx_word' id='word_1_340' title='bbox 470 3595 562 3682; x_wconf 80' lang='lat' dir='ltr'><strong>vide,</strong></span> <span class='ocrx_word' id='word_1_341' title='bbox 573 3615 649 3678; x_wconf 83' lang='lat' dir='ltr'><strong>quae</strong></span> <span class='ocrx_word' id='word_1_342' title='bbox 660 3595 737 3661; x_wconf 89' lang='lat' dir='ltr'><strong>loca</strong></span> <span class='ocrx_word' id='word_1_343' title='bbox 752 3597 889 3660; x_wconf 78' lang='lat' dir='ltr'><strong>Cortius</strong></span> <span class='ocrx_word' id='word_1_344' title='bbox 909 3599 1044 3682; x_wconf 86' lang='lat' dir='ltr'><strong>laudat,</strong></span> <span class='ocrx_word' id='word_1_345' title='bbox 1065 3605 1100 3688; x_wconf 78' lang='grc' dir='ltr'><strong>Β.</strong></span> <span class='ocrx_word' id='word_1_346' title='bbox 1112 3605 1200 3666; x_wconf 88' lang='lat' dir='ltr'><strong>Gall.</strong></span> <span class='ocrx_word' id='word_1_347' title='bbox 1214 3607 1243 3666; x_wconf 86' lang='lat'><strong>8.</strong></span> <span class='ocrx_word' id='word_1_348' title='bbox 1260 3627 1296 3685; x_wconf 78' lang='lat'><strong>⁸3</strong></span> <span class='ocrx_word' id='word_1_349' title='bbox 1314 3608 1439 3672; x_wconf 77' lang='lat' dir='ltr'><strong>lustin.</strong></span> <span class='ocrx_word' id='word_1_350' title='bbox 1461 3623 1508 3686; x_wconf 79' lang='lat'><strong>14.</strong></span> <span class='ocrx_word' id='word_1_351' title='bbox 1526 3611 1556 3672; x_wconf 78' lang='lat'><strong>6.</strong></span> <span class='ocrx_word' id='word_1_352' title='bbox 1577 3603 1701 3675; x_wconf 59' lang='lat' dir='ltr'><strong>catali.</strong></span> <span class='ocrx_word' id='word_1_353' title='bbox 1714 3604 1793 3675; x_wconf 86' lang='lat' dir='ltr'><strong>cir.</strong></span> 
     </span>
     <span class='ocr_line' id='line_1_32' title="bbox 381 3702 1794 3793; baseline 0.005 -27"><span class='ocrx_word' id='word_1_354' title='bbox 381 3707 412 3766; x_wconf 82' lang='lat'><strong>3.</strong></span> <span class='ocrx_word' id='word_1_355' title='bbox 430 3705 495 3766; x_wconf 78' lang='lat'><strong>106.</strong></span> <span class='ocrx_word' id='word_1_356' title='bbox 517 3703 607 3770; x_wconf 85' lang='lat' dir='ltr'><strong>Flor.</strong></span> <span class='ocrx_word' id='word_1_357' title='bbox 627 3725 652 3772; x_wconf 85' lang='lat'><strong>1.</strong></span> <span class='ocrx_word' id='word_1_358' title='bbox 673 3704 719 3767; x_wconf 88' lang='lat'><strong>18.</strong></span> <span class='ocrx_word' id='word_1_359' title='bbox 741 3711 774 3766; x_wconf 85' lang='lat' dir='ltr'><strong>et</strong></span> <span class='ocrx_word' id='word_1_360' title='bbox 794 3702 896 3767; x_wconf 87' lang='lat' dir='ltr'><strong>Editt.</strong></span> <span class='ocrx_word' id='word_1_361' title='bbox 918 3706 963 3770; x_wconf 84' lang='lat' dir='ltr'><strong>ad</strong></span> <span class='ocrx_word' id='word_1_362' title='bbox 978 3705 1052 3770; x_wconf 83' lang='lat' dir='ltr'><strong>haec</strong></span> <span class='ocrx_word' id='word_1_363' title='bbox 1069 3706 1159 3793; x_wconf 85' lang='lat' dir='ltr'><strong>loca,</strong></span> <span class='ocrx_word' id='word_1_364' title='bbox 1178 3709 1304 3791; x_wconf 77' lang='lat' dir='ltr'><strong>quibua</strong></span> <span class='ocrx_word' id='word_1_365' title='bbox 1323 3716 1411 3778; x_wconf 84' lang='lat' dir='ltr'><strong>adde</strong></span> <span class='ocrx_word' id='word_1_366' title='bbox 1429 3709 1688 3778; x_wconf 81' lang='lat' dir='ltr'><strong>Ruddim.1nst.</strong></span> <span class='ocrx_word' id='word_1_367' title='bbox 1707 3712 1794 3774; x_wconf 86' lang='lat' dir='ltr'><strong>LL.</strong></span> 
     </span>
     <span class='ocr_line' id='line_1_33' title="bbox 383 3807 1791 3905; baseline 0.01 -39"><span class='ocrx_word' id='word_1_368' title='bbox 383 3822 412 3874; x_wconf 83' lang='lat' dir='ltr'><strong>n.</strong></span> <span class='ocrx_word' id='word_1_369' title='bbox 430 3829 465 3890; x_wconf 88' lang='lat' dir='ltr'><strong>p.</strong></span> <span class='ocrx_word' id='word_1_370' title='bbox 482 3811 550 3886; x_wconf 78' lang='lat'><strong>284.</strong></span> <span class='ocrx_word' id='word_1_371' title='bbox 571 3831 613 3874; x_wconf 83' lang='lat' dir='ltr'><strong>ea</strong></span> <span class='ocrx_word' id='word_1_372' title='bbox 633 3807 758 3899; x_wconf 82' lang='lat' dir='ltr'><strong>egerit.</strong></span> <span class='ocrx_word' id='word_1_373' title='bbox 778 3829 973 3895; x_wconf 88' lang='lat' dir='ltr'><strong>pronomen</strong></span> <span class='ocrx_word' id='word_1_374' title='bbox 988 3812 1044 3877; x_wconf 83' lang='lat' dir='ltr'><strong>vel</strong></span> <span class='ocrx_word' id='word_1_375' title='bbox 1064 3813 1228 3879; x_wconf 90' lang='lat' dir='ltr'><strong>hocloco</strong></span> <span class='ocrx_word' id='word_1_376' title='bbox 1251 3815 1459 3900; x_wconf 88' lang='lat' dir='ltr'><strong>ejiciendum</strong></span> <span class='ocrx_word' id='word_1_377' title='bbox 1479 3825 1551 3884; x_wconf 81' lang='lat' dir='ltr'><strong>esse</strong></span> <span class='ocrx_word' id='word_1_378' title='bbox 1563 3816 1696 3905; x_wconf 87' lang='lat' dir='ltr'><strong>putarit</strong></span> <span class='ocrx_word' id='word_1_379' title='bbox 1708 3819 1791 3880; x_wconf 85' lang='lat' dir='ltr'><strong>Cor.</strong></span> 
     </span>
     <span class='ocr_line' id='line_1_34' title="bbox 382 3911 1793 4012; baseline 0.009 -36"><span class='ocrx_word' id='word_1_380' title='bbox 382 3911 460 3976; x_wconf 90' lang='lat' dir='ltr'><strong>tius.</strong></span> <span class='ocrx_word' id='word_1_381' title='bbox 481 3916 541 3976; x_wconf 87' lang='lat' dir='ltr'><strong>sed</strong></span> <span class='ocrx_word' id='word_1_382' title='bbox 558 3915 651 3980; x_wconf 74' lang='lat' dir='ltr'><strong>falsa</strong></span> <span class='ocrx_word' id='word_1_383' title='bbox 670 3937 869 4001; x_wconf 80' lang='lat' dir='ltr'><strong>perversum</strong></span> <span class='ocrx_word' id='word_1_384' title='bbox 883 3921 1093 3984; x_wconf 88' lang='lat' dir='ltr'><strong>emendandi</strong></span> <span class='ocrx_word' id='word_1_385' title='bbox 1103 3922 1254 3988; x_wconf 87' lang='lat' dir='ltr'><strong>studium</strong></span> <span class='ocrx_word' id='word_1_386' title='bbox 1268 3923 1382 3990; x_wconf 83' lang='lat' dir='ltr'><strong>virum</strong></span> <span class='ocrx_word' id='word_1_387' title='bbox 1393 3925 1629 3992; x_wconf 76' lang='lat' dir='ltr'><strong>doctissimum</strong></span> <span class='ocrx_word' id='word_1_388' title='bbox 1643 3922 1684 4012; x_wconf 80' lang='lat' dir='ltr'><strong>in</strong></span> <span class='ocrx_word' id='word_1_389' title='bbox 1695 3939 1793 3988; x_wconf 85' lang='lat' dir='ltr'><strong>erro-</strong></span> 
     </span>
     <span class='ocr_line' id='line_1_35' title="bbox 380 4019 1792 4116; baseline 0.013 -34"><span class='ocrx_word' id='word_1_390' title='bbox 380 4039 454 4084; x_wconf 87' lang='lat' dir='ltr'><strong>rem</strong></span> <span class='ocrx_word' id='word_1_391' title='bbox 473 4019 619 4084; x_wconf 80' lang='lat' dir='ltr'><strong>induxit.</strong></span> <span class='ocrx_word' id='word_1_392' title='bbox 650 4043 768 4086; x_wconf 80' lang='lat' dir='ltr'><strong>vernm</strong></span> <span class='ocrx_word' id='word_1_393' title='bbox 786 4023 943 4106; x_wconf 82' lang='lat' dir='ltr'><strong>aperiat.</strong></span> <span class='ocrx_word' id='word_1_394' title='bbox 968 4027 1059 4092; x_wconf 88' lang='lat' dir='ltr'><strong>Med.</strong></span> <span class='ocrx_word' id='word_1_395' title='bbox 1076 4043 1104 4090; x_wconf 81' lang='lat' dir='ltr'><strong>a.</strong></span> <span class='ocrx_word' id='word_1_396' title='bbox 1118 4029 1147 4104; x_wconf 72' lang='lat' dir='ltr'><strong>d.</strong></span> <span class='ocrx_word' id='word_1_397' title='bbox 1161 4029 1190 4090; x_wconf 83' lang='lat' dir='ltr'><strong>il.</strong></span> <span class='ocrx_word' id='word_1_398' title='bbox 1203 4050 1232 4110; x_wconf 88' lang='lat'><strong>9.</strong></span> <span class='ocrx_word' id='word_1_399' title='bbox 1254 4030 1346 4094; x_wconf 91' lang='lat' dir='ltr'><strong>Flor.</strong></span> <span class='ocrx_word' id='word_1_400' title='bbox 1368 4053 1395 4096; x_wconf 87' lang='lat' dir='ltr'><strong>r.</strong></span> <span class='ocrx_word' id='word_1_401' title='bbox 1422 4035 1518 4115; x_wconf 86' lang='lat' dir='ltr'><strong>qnod</strong></span> <span class='ocrx_word' id='word_1_402' title='bbox 1543 4030 1697 4116; x_wconf 86' lang='lat' dir='ltr'><strong>recipere</strong></span> <span class='ocrx_word' id='word_1_403' title='bbox 1716 4046 1792 4100; x_wconf 75' lang='lat' dir='ltr'><strong>non</strong></span> 
     </span>
    </p>
   </div>
   <div class='ocr_carea' id='block_1_4' title="bbox 248 4125 1796 4218">
    <p class='ocr_par' dir='ltr' id='par_1_4' title="bbox 248 4125 1796 4218">
     <span class='ocr_line' id='line_1_36' title="bbox 248 4125 1796 4218; baseline 0.005 -30"><span class='ocrx_word' id='word_1_404' title='bbox 248 4213 250 4218; x_wconf 23' lang='grc' dir='ltr'>Ι</span> <span class='ocrx_word' id='word_1_405' title='bbox 380 4126 516 4212; x_wconf 83' lang='lat' dir='ltr'><strong>dubito,</strong></span> <span class='ocrx_word' id='word_1_406' title='bbox 533 4148 611 4192; x_wconf 91' lang='lat' dir='ltr'><strong>cum</strong></span> <span class='ocrx_word' id='word_1_407' title='bbox 625 4125 730 4192; x_wconf 89' lang='lat' dir='ltr'><strong>etiam</strong></span> <span class='ocrx_word' id='word_1_408' title='bbox 749 4132 818 4192; x_wconf 77' lang='lat' dir='ltr'><strong>Bm</strong></span> <span class='ocrx_word' id='word_1_409' title='bbox 833 4153 859 4195; x_wconf 81' lang='grc' dir='ltr'><strong>ι.</strong></span> <span class='ocrx_word' id='word_1_410' title='bbox 879 4130 1062 4196; x_wconf 81' lang='lat' dir='ltr'><strong>auctoritas</strong></span> <span class='ocrx_word' id='word_1_411' title='bbox 1077 4136 1224 4198; x_wconf 88' lang='lat' dir='ltr'><strong>accedat.</strong></span> <span class='ocrx_word' id='word_1_412' title='bbox 1246 4129 1406 4217; x_wconf 81' lang='lat' dir='ltr'><strong>aperiret</strong></span> <span class='ocrx_word' id='word_1_413' title='bbox 1421 4139 1512 4202; x_wconf 88' lang='lat' dir='ltr'><strong>Med.</strong></span> <span class='ocrx_word' id='word_1_414' title='bbox 1525 4153 1556 4216; x_wconf 77' lang='grc'><strong>4.</strong></span> <span class='ocrx_word' id='word_1_415' title='bbox 1576 4137 1663 4203; x_wconf 83' lang='lat' dir='ltr'><strong>Ven.</strong></span> <span class='ocrx_word' id='word_1_416' title='bbox 1681 4153 1709 4198; x_wconf 82' lang='grc' dir='ltr'><strong>ι.</strong></span> <span class='ocrx_word' id='word_1_417' title='bbox 1726 4131 1796 4196; x_wconf 74' lang='lat' dir='ltr'><strong>aed</strong></span> 
     </span>
    </p>
   </div>
   <div class='ocr_carea' id='block_1_5' title="bbox 380 4233 1791 4320">
    <p class='ocr_par' dir='ltr' id='par_1_5' title="bbox 380 4233 1791 4320">
     <span class='ocr_line' id='line_1_37' title="bbox 380 4233 1791 4320; baseline 0.004 -22"><span class='ocrx_word' id='word_1_418' title='bbox 380 4249 418 4298; x_wconf 77' lang='lat' dir='ltr'><strong>se</strong></span> <span class='ocrx_word' id='word_1_419' title='bbox 436 4256 604 4320; x_wconf 72' lang='lat' dir='ltr'><strong>suaeque.</strong></span> <span class='ocrx_word' id='word_1_420' title='bbox 629 4233 746 4300; x_wconf 80' lang='lat' dir='ltr'><strong>nullus</strong></span> <span class='ocrx_word' id='word_1_421' title='bbox 774 4254 816 4300; x_wconf 85' lang='lat' dir='ltr'><strong>ex</strong></span> <span class='ocrx_word' id='word_1_422' title='bbox 834 4235 964 4304; x_wconf 75' lang='lat' dir='ltr'><strong>Italicis</strong></span> <span class='ocrx_word' id='word_1_423' title='bbox 985 4237 1087 4304; x_wconf 78' lang='lat' dir='ltr'><strong>libris</strong></span> <span class='ocrx_word' id='word_1_424' title='bbox 1109 4237 1220 4310; x_wconf 76' lang='lat' dir='ltr'><strong>Cortii</strong></span> <span class='ocrx_word' id='word_1_425' title='bbox 1238 4241 1515 4312; x_wconf 84' lang='lat' dir='ltr'><strong>emendationem</strong></span> <span class='ocrx_word' id='word_1_426' title='bbox 1538 4261 1615 4310; x_wconf 77' lang='lat' dir='ltr'><strong>cese</strong></span> <span class='ocrx_word' id='word_1_427' title='bbox 1640 4237 1791 4308; x_wconf 77' lang='lat' dir='ltr'><strong>exhibet.</strong></span> 
     </span>
    </p>
   </div>
   <div class='ocr_carea' id='block_1_6' title="bbox 0 0 2058 4976">
    <p class='ocr_par' dir='ltr' id='par_1_6' title="bbox 0 0 2058 4976">
     <span class='ocr_line' id='line_1_38' title="bbox 0 0 2058 4976; baseline 0 3"><span class='ocrx_word' id='word_1_428' title='bbox 0 0 2058 4976; x_wconf 95' lang='lat' dir='ltr'><strong> </strong></span> 
     </span>
    </p>
   </div>
  </div>
 </body>
</html>
