4116 4970
1615 423 1659 520 87

268 611 328 674 cir.
350 615 485 706 Auctor.
507 617 589 680 llell.
612 613 724 679 Afric(
749 636 819 700 cap.
839 619 896 695 363
927 627 961 683 et
987 619 1038 698 95.
1067 621 1126 684 sed
1154 619 1206 685 ibi
1235 612 1347 683 sitias
1366 635 1439 680 uno
1462 622 1475 677 t
1497 613 1661 698 scriptum
1733 631 1734 636 ’

266 737 342 797 quae
361 717 528 801 scriptura
549 721 650 783 etiam
669 721 868 786 Salustianae
889 723 1144 808 orthographia
1173 733 1400 789 consentanea
1427 738 1498 783 esse
1516 717 1662 781 videtur.

266 825 413 885 eundem
434 825 540 886 Cicer.
567 826 627 896 Or,
648 844 711 908 pro
731 825 827 886 Sulla
848 844 920 908 cap.
938 847 985 888 20.
1006 847 1026 888 a
1046 829 1242 912 suspicione
1272 827 1358 890 tanti
1386 824 1523 888 sceleris
1543 820 1674 886 defen·

265 927 346 989 dere
366 929 488 994 studct.
515 931 574 991 sed
594 927 646 990 ibi
666 927 753 989 t'also
775 924 926 992 Cincius
946 929 1118 1004 scribitur,
1154 933 1214 995 cl’r,
1234 940 1398 1014 praetcrea
1418 929 1479 1009 Ep.
1499 929 1543 991 ad
1563 926 1662 992 Attio.

269 1033 315 1092 15.
340 1052 386 1106 ιγ,
407 1031 469 1093 ubi
490 1051 560 1095 uno
582 1039 595 1092 t
614 1032 796 1113 scriptum,
825 1040 864 1092 ut
884 1035 976 1114 apud
995 1034 1311 1098 Pseudo-Hirtium.
1345 1027 1525 1096 hominem
1548 1037 1584 1094 et
1593 1025 1664 1120 sa·

169 1202 179 1220 .
264 1130 456 1196 miliar-em.
478 1135 636 1219 copulam
656 1135 829 1198 omittunt.
850 1137 925 1200 Vat.
946 1157 974 1199 1.
993 1153 1022 1197 a.
1039 1139 1067 1213 5,
1088 1138 1173 1200 Min.
1188 1156 1217 1204 ι.
1239 1139 1282 1200 de
1302 1137 1342 1206 C·
1361 1133 1542 1203 Antonio.
1559 1137 1605 1200 de
1620 1152 1668 1198 eo

263 1238 464 1300 Plutarchus
483 1239 573 1311 Vita,
595 1239 669 1305 Cic'
677 1259 751 1324 cap.
770 1260 818 1303 ιι.
837 1238 929 1337 nitigi
949 1239 1028 1308 καθ’
1047 1236 1134 1314 aviis
1151 1235 1211 1327 pit
1230 1235 1289 1315 oili
1306 1236 1384 1340 agie
1398 1236 1432 1316 '10⁸
1450 1239 1584 1323 βίλἹιον,
1604 1232 1663 1311 dl·

261 1337 340 1438 πςὲς
354 1339 388 1414 'le‘
405 1345 510 1439 ’χεῖρον
530 1344 697 1432 »ἶφιμονικᾷ
704 1384 715 1427 ,
733 1341 892 1441 apae-Sisy
911 1338 1054 1430 d’r't'por'lac
1071 1343 1168 1443 iligen
1188 1343 1341 1432 duronius
1353 1343 1490 1434 ι’σομίνῳ.
1519 1353 1554 1408 ei
1572 1360 1662 1427 Pau·

263 1444 299 1508 lo
321 1445 411 1508 inira
432 1465 506 1530 cap.
523 1463 570 1508 12.
611 1445 708 1518 itinn
725 1443 831 1517 tirel
846 1443 895 1521 tot
914 1449 1057 1520 sudantia
1077 1444 1279 1546 sinicensis,
1305 1447 1386 1525 stade
1405 1448 1439 1518 ου’
1458 1445 1661 1542 &exspuitur

263 1545 333 1617 tino*
351 1548 492 1627 entem
511 1552 639 1621 devehe.
682 1551 741 1616 cfr.
761 1552 830 1615 Cic.
851 1572 914 1637 pro
936 1553 1026 1620 Mur.
1043 1567 1092 1630 24.
1111 1574 1175 1638 pro
1193 1555 1311 1618 Flacco
1329 1555 1380 1616 38.
1401 1572 1466 1637 pro
1486 1551 1611 1616 Scittio.
1631 1555 1660 1612 3.

263 1651 300 1712 in
323 1653 426 1716 Pison
444 1671 472 1716 a.
495 1654 554 1718 cfr.
574 1658 697 1719 Ascon.
718 1657 859 1720 Pedian.
880 1659 1012 1725 Corum.
1030 1657 1071 1720 in
1091 1657 1161 1720 Cic.
1183 1659 1277 1720 Orat.
1297 1658 1336 1720 in
1355 1659 1441 1743 Tog.
1455 1658 1560 1718 Cand.
1581 1659 1659 1738 pag.

269 1759 334 1832 148.
357 1757 478 1822 Cicero
498 1779 578 1823 eum
599 1758 638 1823 in
659 1756 823 1822 exercitu
847 1762 997 1826 Sullano
1034 1762 1280 1843 praedonem,
1307 1755 1347 1824 in
1376 1757 1553 1824 interrita
1579 1755 1661 1847 gla-

261 1858 458 1945 diatorem,
478 1859 517 1925 in
538 1860 694 1928 victoria
715 1859 994 1951 quadrigarium
1016 1861 1120 1940 duait,
1142 1863 1202 1930 cir.
1223 1873 1387 1947 praeterea
1406 1865 1432 1929 l.
1449 1864 1474 1928 l.
1495 1884 1572 1950 pag,
1592 1867 1659 1940 143.

260 1974 293 2027 et
310 1969 378 2028 15³·
400 1977 432 2030 ct
446 1985 523 2051 pag.
538 1973 610 2044 245.
629 2007 646 2042 ,
659 1969 752 2032 hunc
771 1968 960 2031 Antonium
982 1967 1114 2030 Gellius
1134 1978 1168 2033 et
1188 1969 1349 2032 Lentulus
1369 1989 1525 2034 censores
1543 1987 1660 2032 sexen-

259 2068 335 2151 nio,
356 2090 426 2150 quo
446 2072 519 2134 haec
539 2069 753 2154 dicerentur,
773 2081 895 2134 senatu
904 2081 1104 2154 moverunt,
1122 2091 1238 2134 causas
1257 2072 1543 2156 subscripserunt,
1564 2073 1658 2151 quod

258 2172 368 2234 socios
386 2175 593 2256 deripuerit,
622 2177 716 2254 quod
740 2174 911 2252 judicium
937 2173 1126 2257 recusarit,
1156 2175 1250 2256 quod
1275 2185 1415 2258 propter
1440 2175 1527 2240 aeris
1551 2173 1659 2237 alieni

258 2275 531 2359 magnitudinem
551 2277 681 2360 predia
710 2279 914 2363 manciparit
934 2279 1095 2360 bonaque
1115 2297 1176 2341 sua
1208 2278 1246 2340 in
1266 2287 1431 2362 potestate
1457 2287 1530 2345 non
1550 2281 1666 2344 habe·-

256 2388 317 2442 ret.
350 2379 429 2458 Ejus
447 2391 547 2464 pater
565 2381 632 2444 luit
651 2383 893 2448 celeberrimus
913 2393 1038 2450 orator.
1059 2381 1351 2450 circumventum.
1384 2405 1453 2449 vox
1472 2405 1544 2449 are
1561 2366 1667 2448 mili·-

257 2483 322 2545 tari
352 2485 523 2550 translata.
553 2487 621 2552 Cic.
642 2490 685 2552 de
707 2489 783 2557 Fin.
800 2507 830 2565 s.
845 2493 908 2570 233
944 2491 1211 2564 circumuentus
1240 2489 1367 2556 morbo
1397 2489 1526 2555 exsilio
1548 2497 1662 2571 atque
1723 2537 1727 2542 .

257 2583 384 2670 inopia
415 2627 457 2642 -
484 2595 643 2656 consule.
679 2595 771 2658 Med.
803 2613 850 2656 ια.
880 2597 965 2660 Ven.
991 2611 1020 2657 a.
1051 2596 1142 2659 Flor.
1174 2617 1200 2660 1.
1229 2615 1268 2658 se
1299 2613 1368 2656 orn.
1385 2595 1470 2658 Ven.
1496 2615 1524 2662 1.
1554 2613 1660 2676 quam

257 2709 297 2754 eu
318 2695 385 2755 hac
400 2695 560 2759 lectionis
579 2698 745 2762 varietate
763 2698 982 2764 concinnavit
1006 2699 1191 2764 lectionem
1218 2698 1363 2763 Cottius.
1395 2719 1436 2761 eo
1459 2701 1660 2782 consulem,
1680 2767 1682 2772 ,

256 2813 297 2858 ea
316 2798 362 2858 ab
381 2800 591 2881 optimorum
606 2803 712 2866 Codd.
735 2804 933 2868 testimonio
956 2813 1026 2866 tam
1046 2804 1151 2887 longe
1171 2805 1316 2885 recedit,
1329 2810 1374 2882 ¹ut
1386 2801 1587 2884 incorrupto
1600 2799 1659 2877 jn·
1707 2824 1718 2846 ¹

256 2899 327 2963 dici
346 2901 404 2964 vix
424 2923 499 2965 eam
520 2907 728 2989 probaverit.
770 2929 851 2970 eum
872 2907 1025 2970 enimin
1046 2927 1117 2969 uno
1145 2907 1219 2969 solo
1240 2905 1332 2967 libro
1354 2905 1532 2986 omissum,
1553 2904 1658 2967 etiam
1764 2947 1767 2950 -

187 3067 192 3078 ,
219 3035 221 3040 ·
256 3023 292 3067 se
311 3003 350 3065 in
371 3007 585 3088 paucissimis
605 3007 705 3088 libris
725 3012 869 3089 exulatp
888 3010 975 3092 quin
994 3009 1258 3092 quaslectionis
1278 3026 1396 3069 causas
1415 3002 1533 3090 affert,
1554 3023 1659 3086 quam
1717 3051 1721 3058 -

264 3106 389 3189 optimi
408 3107 492 3171 libri
514 3120 670 3194 tuentur,
691 3113 730 3173 in
750 3113 794 3175 iis
814 3113 1045 3196 excogitandis
1064 3111 1168 3196 plane
1181 3108 1355 3174 ‚hariolari
1373 3109 1519 3173 videtur.
1552 3110 1659 3174 Deni-

256 3231 323 3292 que
342 3215 528 3276 verborum
547 3233 684 3280 sensum
704 3218 799 3298 quod
817 3215 956 3299 attinet,
976 3215 1006 3277 is
1026 3235 1165 3296 quoque
1184 3215 1231 3279 ab
1249 3214 1407 3276 instituto
1422 3213 1578 3295 Catilina
1598 3216 1659 3277 ab·

255 3319 382 3380 horret.
416 3318 568 3400 primum
588 3321 682 3386 enim
713 3341 754 3385 eo
782 3320 968 3386 consulem
988 3316 1122 3407 agendi
1146 3315 1293 3383 initium
1305 3313 1504 3410 sucturum
1524 3319 1659 3405 signifi·

254 3441 331 3486 case
353 3441 424 3485 non
444 3433 555 3508 potest
574 3426 762 3488 Antonium
784 3434 857 3488 tum
878 3427 1032 3508 demum,
1055 3445 1134 3486 cum
1155 3423 1275 3488 consul
1290 3422 1398 3486 factus
1416 3432 1522 3507 esset,
1542 3432 1659 3506 aperte

257 3528 387 3591 socium
408 3529 656 3609 conjurationis
676 3529 839 3634 futurum.
863 3529 1054 3593 Antonium
1075 3527 1169 3592 eninr
1189 3528 1338 3614 primum
1363 3527 1568 3593 seditionem
1583 3548 1660 3593 mo-

255 3641 387 3716 turum,
407 3634 512 3716 idque
533 3635 716 3696 Catilinam
737 3655 808 3698 esse
827 3633 1018 3718 professum
1040 3633 1117 3714 quis
1137 3643 1206 3717 est,
1236 3633 1298 3716 qui
1319 3635 1498 3698 existimet.
1543 3633 1656 3695 Multo

255 3735 426 3819 potiorem
447 3739 589 3800 alteram
610 3739 793 3801 lectionem
814 3739 1013 3822 habuerim,
1033 3738 1062 3800 si
1083 3738 1224 3819 quidem
1244 3739 1346 3821 plura
1364 3737 1470 3800 verba
1489 3733 1659 3811 ejicienda

255 3853 344 3904 sunt.
365 3863 407 3907 eo
430 3844 578 3907 consule
610 3839 691 3906 init.
726 3863 785 3929 ag.
795 3837 984 3930 futurum.
998 3842 1109 3921 'quam
1123 3840 1257 3903 Gortius
1272 3841 1412 3906 silentio
1431 3837 1658 3923 pretermisit.

256 3946 322 4010 Sed
343 3947 462 4010 omnia
481 3947 570 4010 bene
591 3966 626 4010 se
647 3946 792 4023 habent3
815 3944 964 4008 Catilina
983 3953 1021 4006 ut
1041 3963 1182 4008 suorum
1204 3945 1338 4008 animos
1352 3944 1461 4030 magis
1475 3945 1578 4008 etiam
1600 3944 1659 4008 lin

258 4061 385 4134 maret,
405 4069 475 4114 non
496 4052 607 4116 solum
630 4050 820 4115 Antonium
840 4049 907 4112 sibi
929 4049 1060 4112 socium
1081 4069 1152 4113 csse
1172 4048 1274 4134 dicit,
1294 4051 1354 4112 sed
1375 4049 1479 4126 etiam
1498 4069 1562 4135 pro
1583 4067 1658 4111 cer·

160 4187 163 4192 Δ
257 4163 294 4218 to
316 4154 434 4238 ponit,
454 4165 544 4219 sect
564 4157 779 4218 consulatum
799 4157 1003 4238 adepturum
1023 4162 1056 4220 et
1076 4154 1243 4242 collegam
1264 4156 1579 4238 conjunctissimum
1594 4155 1658 4216 lta-

259 4259 435 4338 biturum.;
454 4261 548 4342 quod
568 4259 708 4342 quidem
731 4269 863 4344 tempus
886 4257 1024 4326 comitii
1042 4259 1204 4345 patrandi
1223 4259 1550 4350 opportunissimum
1571 4275 1653 4328 esse.
