4106 4974
300 605 377 724 Gap.
388 635 504 706 mv.
514 627 550 700 ei
560 593 803 720 acceptavit.
810 647 841 712 4.
849 629 1028 720 scriptum
1038 641 1103 703 est.
1113 605 1194 703 saue
1202 639 1417 705 commodius
1432 641 1577 707 verbum
1584 617 1666 726 subs
1743 683 1749 690 -
1767 631 1769 636 ’

259 747 360 810 stant.
381 745 418 807 h.
437 744 515 808 ioco
537 741 716 808 omittitur.
741 737 823 823 quis
841 736 920 810 sim.
941 742 1027 822 Veu.
1049 761 1078 813 a.
1100 760 1133 821 4,
1154 745 1251 809 Eieh.
1271 748 1331 811 sed
1353 742 1419 827 qui
1436 747 1668 840 retinendum,

258 850 353 932 quod
376 847 553 930 antiquius
575 855 635 912 est.
656 845 716 913 cfr.
737 846 849 909 Plaut.
868 848 990 932 Amph.
1016 872 1042 915 r.
1064 871 1092 915 1.
1116 872 1144 914 1.
1183 852 1283 935 Apud
1305 850 1525 940 Ciceronem,
1551 853 1613 940 qui
1635 867 1671 924 et

258 951 333 1038 ipse
360 955 403 1018 de
440 939 506 1016 bae
538 950 687 1037 epistola
715 949 875 1036 exponit,
904 953 961 1016 bis
988 954 1103 1018 verbis
1128 958 1251 1038 scripta
1279 974 1351 1022 esse
1385 955 1542 1038 dicimrs
1575 1002 1592 1036 «
1611 962 1674 1044 qui

258 1057 346 1142 sim,
365 1077 407 1122 ex
426 1077 495 1143 eo,
515 1056 684 1141 quemad
712 1063 746 1120 te
766 1055 869 1142 misi,
899 1075 1110 1144 cognoscem
1153 1061 1253 1146 cura}
1276 1068 1315 1124 ut
1334 1060 1389 1126 vir
1409 1063 1480 1149 sis,
1513 1072 1547 1128 et
1568 1086 1674 1148 quem

258 1162 298 1226 in'
318 1163 434 1226 locum
454 1164 500 1228 sis
519 1179 717 1248 progressus
737 1160 866 1246 cogita,
888 1169 922 1226 et
939 1163 1037 1240 vide,
1057 1163 1143 1246 quid
1158 1164 1232 1243 jam
1255 1165 1322 1229 tibi
1341 1167 1386 1230 sit
1408 1171 1670 1256 necessatium,

259 1275 300 1332 ut
320 1268 477 1332 omnium
502 1268 567 1331 tibi
588 1265 718 1330 auxilia
742 1265 930 1353 adjungas,
953 1267 1058 1330 etiam
1081 1267 1293 1333 infimorum.
1306 1267 1326 1304 '’
1367 1272 1570 1334 Dubitatum
1590 1283 1672 1385 est,

259 1370 332 1437 utri
367 1373 477 1453 major
502 1371 587 1436 fides
602 1369 646 1434 sit
659 1370 840 1450 babenda;
861 1374 922 1435 sed
942 1373 1061 1437 Cicero
1075 1375 1169 1436 haud
1189 1373 1296 1438 dubie
1315 1376 1389 1440 haec
1409 1395 1479 1439 nou
1502 1398 1543 1440 cx
1564 1378 1671 1463 scrip·

259 1485 317 1562 to,
347 1481 408 1542 sed
429 1495 481 1542 ‘cx
501 1475 676 1541 memoria'
689 1475 869 1556 recitarit,
903 1478 984 1542 satis
1004 1478 1127 1542 habuit
1153 1499 1290 1544 sensum
1311 1483 1453 1558 docere,
1481 1475 1586 1544 verba
1615 1504 1673 1548 ex·

180 1597 184 1610 ·
257 1581 410 1668 primere
442 1582 566 1647 noluit.
583 1580 845 1667 -Catilinam,
864 1603 943 1646 cum
962 1581 1001 1646 in
1022 1604 1063 1648 eo
1085 1593 1188 1671 esset,
1209 1595 1248 1648 ut
1275 1606 1350 1650 rem
1369 1585 1561 1671 inciperet,
1581 1585 1674 1652 indi·
1707 1637 1708 1642 ι

261 1688 374 1774 guitas
393 1687 556 1753 facinoris
575 1685 762 1773 perculisse
781 1688 929 1753 videtur.
960 1687 1024 1760 cfr.
1046 1689 1137 1764 Plut,
1158 1693 1241 1754 Cato
1263 1691 1350 1754 Min.
1372 1711 1446 1776 cap.
1460 1708 1511 1755 aa.

340 1796 421 1878 Cap.
440 1795 539 1860 XLV.
560 1795 603 1859 L.
624 1793 708 1864 Vas.
724 1795 863 1858 Flacco
882 1800 919 1857 et
946 1793 987 1859 C·
1001 1791 1212 1877 Pomptino.
1242 1795 1347 1858 lllunr
1368 1789 1488 1859 Cicero
1500 1798 1553 1884 'de
1573 1816 1674 1883 repe·

262 1899 381 1961 tundis
401 1906 595 1962 accusatum
612 1893 885 1965 luculentissima
898 1897 1055 1964 oratione
1076 1898 1253 1986 defendit,
1274 1922 1350 1984 quae
1358 1901 1548 1966 etiamnum
1557 1912 1672 1978 ersten

260 2021 365 2084 quam
384 2003 464 2068 vide
486 2012 519 2068 et
539 2011 702 2089 praeterea
722 2022 788 2088 pro
808 2002 938 2068 Planco
958 2004 1055 2067 auin
1075 2009 1145 2068 Cat.
1160 2013 1191 2075 3.
1201 2026 1229 2071 a.
1249 2009 1334 2091 Epp.
1348 2011 1392 2069 ad
1405 2009 1472 2070 Att.
1488 2028 1516 2069 1.
1531 2029 1580 2087 19.
1601 2007 1673 2070 Eti-

247 2187 249 2190 Ι
266 2122 324 2170 am
342 2109 519 2192 Pomptini
531 2109 650 2172 Cicero
659 2127 747 2192 sepe
766 2128 844 2170 cum
856 2108 958 2171 laude
967 2109 1135 2171 meminit.
1164 2110 1244 2188 Ejus
1255 2109 1538 2196 enimlegatusin
1549 2110 1673 2174 Cilicia

260 2207 347 2295 tuit,
369 2209 448 2295 (cfr.
469 2215 529 2295 Ep.
551 2214 596 2274 ad
617 2211 694 2274 Dir.
716 2215 748 2279 3.
774 2210 820 2296 3.)
843 2218 963 2296 postea
980 2211 1184 2298 Allobroges
1203 2213 1403 2299 perdomuit
1421 2223 1456 2278 et
1478 2215 1672 2300 triumpha-

258 2313 386 2384 vit.·de
406 2319 505 2381 Prov.
526 2319 625 2380 Cous.
646 2338 677 2381 c.
700 2320 748 2380 ι3.
768 2324 804 2382 ct
823 2319 883 2400 Ep.
905 2314 984 2380 Div.
1007 2341 1036 2379 ι.
1060 2319 1118 2397 153
1148 2321 1195 2382 15.
1217 2334 1257 2399 43
1280 2323 1311 2388 3.
1336 2340 1385 2384 ιο.
1405 2319 1445 2381 in
1465 2321 1566 2394 Catil.
1586 2325 1616 2383 3.
1639 2339 1670 2391 a.

259 2420 330 2485 Dio
351 2423 438 2485 Cass.
459 2425 510 2504 39.
531 2430 615 2487 extr.
635 2424 739 2489 Pons
759 2417 931 2488 Mulvius.
956 2421 1064 2487 bodie
1082 2424 1207 2489 Ponte
1222 2425 1359 2510 Molle,
1385 2446 1489 2510 quem
1509 2429 1555 2488 ad
1574 2426 1674 2490 terti-

259 2545 321 2588 um
341 2527 511 2613 lapidem,
540 2526 754 2610 ad1initium
781 2527 846 2594 viae
876 2527 1054 2592 Flaminiae
1094 2528 1207 2613 (Plin.
1230 2531 1276 2592 H.
1297 2533 1337 2602 N.
1356 2535 1389 2604 3.
1410 2528 1466 2614 5.)
1505 2531 1675 2597 Aemilius

130 2687 133 2692 .
196 2671 201 2686 .
258 2630 405 2695 Scaurus
425 2631 464 2696 in
482 2633 603 2698 Tiberi
621 2633 766 2698 flumine
785 2627 983 2698 faciendum
1006 2643 1191 2697 curaverat.
1232 2633 1294 2703 cfr.
1315 2636 1432 2700 Aurei.
1454 2619 1543 2703 vies.
1565 2659 1593 2702 c.
1617 2642 1667 2702 8².

251 2733 442 2819 permittit
465 2733 532 2802 illi.
553 2741 640 2802 Cum
659 2759 779 2806 omnes
799 2738 884 2803 libri
904 2747 963 2802 aut
984 2734 1060 2802 illis
1085 2748 1144 2802 aut
1161 2735 1221 2803 illi
1239 2742 1407 2827 habeant,
1434 2743 1571 2806 Cottius
1589 2763 1673 2827 pro-

261 2857 391 2902 nomen
411 2839 519 2918 ejecit.
551 2839 692 2907 Eichoff
708 2841 785 2908 illis
806 2844 1026 2908 retinendum
1048 2862 1120 2906 esse
1141 2853 1265 2907 censet.
1308 2847 1427 2924 Neque
1449 2865 1513 2930 ego
1533 2849 1601 2909 hoc
1621 2847 1677 2911 di·

260 2961 319 3027 co,
341 2945 568 3008 necessarium
590 2965 680 3032 esse,
708 2956 748 3010 ut
767 2966 963 3030 pronomen
993 2942 1052 3008 illi
1071 2946 1185 3010 verbis
1206 2942 1369 3010 homines
1387 2944 1568 3012 militares
1588 2969 1675 3034 prae·

260 3053 429 3130 ponatur3
451 3050 511 3111 scd
531 3049 609 3112 fieri
629 3069 739 3135 posse,
760 3051 797 3114 id
813 3051 945 3128 judico.
966 3051 1114 3132 (Linea.
1129 3049 1195 3134 33.)
1221 3048 1411 3111 Confirmat
1431 3053 1672 3134 praterGodd.

256 3148 331 3229 jam
350 3150 527 3236 laudatos,
548 3155 631 3215 Cod.
653 3156 814 3216 Rostocb.
836 3162 870 3218 et
890 3173 994 3236 quem
1017 3153 1172 3216 laudarit
1192 3153 1327 3216 Cottius
1348 3155 1482 3240 locum,
1500 3160 1578 3244 Jug.
1604 3163 1672 3224 ιο3.

259 3255 324 3318 ubi
344 3257 447 3320 etiam
468 3255 579 3320 oratio
601 3259 644 3321 ab
665 3257 726 3322 illi
745 3259 878 3344 incipit.
921 3261 1032 3345 Quem
1054 3257 1207 3324 laudavit
1228 3255 1372 3325 Eichoff.
1392 3261 1526 3347 locum,
1546 3270 1586 3327 ut
1607 3268 1672 3329 do·
1698 3313 1701 3322 .

261 3370 353 3426 oerst
380 3361 537 3425 absolute
568 3361 699 3425 dictum
724 3382 796 3428 esse
826 3363 920 3431 bom.
952 3361 1029 3429 mil.
1050 3367 1117 3430 hoc
1137 3369 1375 3430 tantummodo
1397 3365 1541 3452 probat,
1572 3369 1670 3433 Livio

261 3485 401 3550 quoque
431 3469 520 3530 hauc
550 3467 739 3533 dictionem
766 3469 873 3536 fuisse
892 3479 1102 3556 usurpatam.
1127 3475 1247 3554 Neque
1274 3473 1342 3535 boc
1362 3474 1574 3538 contrarium
1593 3483 1666 3562 est,
1773 3549 1780 3562 Ι

188 3611 191 3620 ,
261 3574 357 3654 quod
377 3570 715 3653 sequiturhomines
741 3571 940 3654 militares3
969 3597 1164 3661 pronomen
1190 3579 1284 3642 enim
1303 3580 1525 3663 praepositum
1544 3589 1611 3666 est,
1630 3585 1671 3644 ut

261 3675 732 3762 significantiusioqucretur.
752 3680 840 3743 Sane
847 3681 972 3745 vellem
989 3683 1122 3767 etipse,
1144 3683 1183 3745 in
1197 3683 1400 3746 melioribus
1420 3685 1520 3748 libris
1538 3703 1668 3769 prono·

261 3801 344 3846 men
358 3782 520 3845 omissum
543 3799 633 3868 esse,
654 3785 714 3846 sed
731 3773 819 3848 ,non⁸
831 3793 926 3847 tanta
946 3787 1035 3848 mihi
1056 3795 1106 3849 est
1126 3785 1353 3870 confidentia,
1373 3796 1413 3850 ut
1432 3806 1569 3876 rocem,
1589 3810 1667 3874 quae

261 3886 347 3953 terri
367 3895 457 3950 certe
476 3897 603 3972 potest,
624 3887 786 3952 omnibus
804 3887 905 3953 libris
932 3890 1012 3956 Mas.
1040 3889 1158 3954 invitis
1179 3889 1348 3969 ejicerem.
1368 3893 1399 3956 si
1414 3892 1601 3977 permittit
1621 3893 1668 3963 il·

263 3993 309 4055 lis
329 3999 449 4053 auctor
470 3992 621 4077 scripsit,
649 4013 726 4056 eum
745 3993 782 4055 vi
802 3996 950 4075 quadam
972 4013 1165 4092 pronomen
1192 3996 1230 4059 in
1250 3995 1320 4060 fine
1341 3997 1509 4065 orationis
1540 3981 1666 4087 posuit.

259 4091 456 4178 praesidiis
474 4095 677 4161 collocatis.
699 4098 768 4162 cic.
789 4099 848 4161 Or.
873 4097 911 4160 in
931 4099 1001 4160 Cat.
1016 4101 1047 4162 3.
1064 4115 1093 4175 a,
1124 4099 1305 4165 obsidunt.
1325 4105 1467 4188 antique
1485 4125 1550 4191 pro
1572 4101 1668 4170 obsi·

265 4200 366 4284 dent,
385 4199 529 4280 verbum
550 4205 642 4286 apud
662 4203 859 4270 Lucretium
879 4209 913 4268 et
932 4202 1120 4291 Virgilium
1141 4207 1264 4292 saepius
1284 4211 1441 4275 occurrit.
1478 4209 1555 4274 Alia
1576 4208 1667 4290 ejus·

1215 4315 1261 4432 ιι
