4116 4970
1638 386 1684 460 ιδ

283 580 424 666 <suidam
451 581 648 646 institutam
669 579 700 645 si
731 569 752 644 a
770 576 911 644 Salustii
930 577 1092 643 'moriBus
1114 577 1316 664 abborruit,
1333 577 1460 661 quibus
1482 577 1590 644 omisis
1605 596 1689 666 per-

283 698 396 752 motus
414 709 456 752 eo
474 689 674 772 reipublicae
696 705 837 751 munere
852 685 988 749 iunctus
1001 695 1071 772 est,
1091 689 1185 768 quod
1207 686 1275 749 nisi
1292 684 1417 764 injuste
1436 685 1510 770 geri
1530 705 1601 748 non
1621 703 1689 770 po·-

285 794 374 858 tuit?
404 794 471 856 Sed
492 796 565 858 haec
586 794 745 878 pluribus
763 793 940 856 illustrare
954 791 1116 874 putidum
1129 801 1200 876 est,
1221 811 1331 872 neque
1347 790 1386 853 in
1406 799 1580 872 posterum
1593 791 1687 852 mirl-

283 911 336 962 tos
357 897 431 962 iure
450 899 659 982 putaverim,
681 899 741 979 qui
754 896 895 958 Salustii
913 917 1049 958 morum
1064 896 1295 984 patrocinium
1309 894 1505 978 suscipiant.
1525 897 1594 958 Sed
1607 896 1690 958 lon·

282 1023 325 1088 ge
338 1004 408 1066 alia
426 1013 476 1068 est
495 1003 655 1085 quaestio,
667 1023 751 1064 num
764 1021 804 1065 ex
824 999 972 1062 auctoris
989 1000 1061 1062 vita
1077 999 1210 1082 prirata
1220 1009 1420 1084 argumenta
1440 998 1508 1062 sint
1521 1002 1687 1085 peteuda,

282 1109 409 1190 quibus
431 1108 555 1191 scripta
573 1107 645 1186 ejus
664 1107 922 1191 impugnentur.
950 1108 1003 1167 Ita
1022 1105 1116 1169 enim
1138 1104 1335 1186 nuperrime
1346 1113 1554 1188 statuerunt,
1573 1105 1687 1170 Salus·

283 1211 439 1294 tiumque
464 1211 591 1275 Graecis
612 1211 786 1274 historicis
816 1214 993 1274 Herodoto
1016 1219 1119 1290 atque
1142 1209 1341 1292 Thucydidi
1368 1212 1457 1272 hanc
1482 1210 1527 1272 ob
1550 1230 1688 1274 causam

282 1311 559 1402 postponendum
569 1337 645 1380 esse
663 1325 878 1380 censuerunt.
898 1317 974 1400 Qua
990 1315 1030 1378 in
1040 1335 1076 1380 re
1094 1315 1246 1399 primum
1262 1313 1555 1378 inconsideranter
1569 1323 1689 1402 egum,

282 1426 376 1503 quod
385 1422 527 1486 Salustii
552 1441 664 1485 mores
693 1422 882 1507 exagitant,
903 1441 982 1482 cum
1006 1440 1120 1503 neque
1146 1419 1318 1482 Herodoti
1342 1439 1453 1501 neque
1472 1421 1688 1504 Thucydidis

281 1528 388 1591 ritem
399 1529 480 1592 satis
494 1529 666 1615 cognitam
680 1529 839 1590 habeant.
858 1528 963 1604 Tum,
978 1547 1047 1608 qua
1058 1547 1095 1590 re
1110 1545 1228 1589 omnes
1240 1525 1354 1590 Latini
1368 1525 1549 1609 scriptores
1566 1545 1586 1586 a
1595 1527 1688 1592 cra-

282 1632 331 1695 cis
342 1627 527 1718 differunt,
544 1637 617 1696 baec
631 1631 778 1694 Salustio
795 1630 886 1694 vitio
899 1640 1056 1715 vertunt,
1076 1639 1240 1712 tanquam
1257 1632 1391 1692 adeum
1407 1632 1519 1694 solum
1535 1631 1690 1716 pertine-

281 1746 351 1800 ant.
382 1739 468 1823 Quis
486 1739 579 1802 enim
598 1745 647 1802 est
667 1759 707 1802 ex
728 1737 861 1800 Latinis
881 1737 1124 1820 scriptoribus,
1145 1736 1233 1817 quin
1247 1736 1378 1801 Graecas
1396 1738 1513 1800 literas
1532 1736 1694 1820 coluerit,

281 1851 383 1924 atque
404 1844 513 1906 multa
532 1863 573 1906 ex
602 1842 647 1905 iis
670 1842 822 1904 hauserit
843 1841 1054 1923 illorumque
1075 1841 1192 1905 studio
1206 1843 1346 1905 insitam
1364 1841 1499 1928 ingenii
1520 1841 1591 1907 vim
1607 1861 1694 1926 pro-

283 1947 429 2011 moverit
452 1958 553 2029 atque
573 1945 782 2010 formaverit.
815 1949 892 2008 lam
914 1947 975 2027 qui
998 1947 1035 2010 in
1060 1948 1240 2010 literarum
1265 1948 1458 2028 artiumque
1483 1967 1691 2010 monumen-

281 2051 325 2114 tis
349 2055 538 2118 condendis
560 2053 676 2138 potius
699 2051 818 2114 divina
833 2054 985 2131 quadam
1002 2053 1137 2137 ingenii
1156 2053 1194 2115 ri
1212 2055 1381 2115 ducantur
1400 2049 1509 2135 magis
1528 2070 1599 2114 esse
1611 2050 1694 2114 lau--

282 2156 399 2240 datos,
417 2177 520 2238 quam
538 2158 600 2238 qui
616 2175 773 2220 normam
796 2162 830 2218 et
843 2155 978 2238 regulas
995 2157 1039 2216 ab
1059 2156 1138 2218 aliis
1149 2155 1349 2237 propositas
1359 2163 1564 2239 sequantur,
1585 2175 1690 2220 nemo

282 2266 352 2341 est,
379 2260 440 2340 qui
463 2261 600 2324 nesciat.
627 2261 695 2322 Sed
716 2262 789 2322 baec
808 2258 949 2338 quidem
971 2259 1045 2321 laus
1069 2257 1161 2321 nulli
1185 2269 1363 2322 auctorum
1386 2259 1588 2323 latinorum
1608 2259 1688 2340 jure

282 2361 390 2425 tribui
412 2372 542 2448 potest,
563 2384 608 2426 ne
617 2363 776 2427 Ciceroni
792 2363 953 2449 quidem,
975 2363 1036 2445 qui
1055 2383 1126 2447 prae
1153 2363 1274 2428 ceteris
1291 2364 1407 2428 Latini
1425 2366 1592 2430 sermonis
1607 2385 1688 2450 pro-

281 2466 465 2548 prietatem
482 2469 668 2550 inscriptis
688 2471 758 2532 suis
777 2470 976 2556 expressisse
992 2479 1140 2555 putatur.
1171 2472 1244 2535 Hac
1263 2470 1370 2558 igitur
1383 2492 1421 2535 re
1435 2473 1569 2536 Graecos
1583 2471 1690 2558 scrip-

284 2577 372 2640 tores
396 2573 527 2635 Latinis
558 2583 716 2656 praestare
731 2575 804 2651 jam
822 2576 861 2637 in
879 2579 1003 2660 uulgus
1024 2587 1146 2641 notum
1168 2588 1227 2643 est.
1257 2581 1322 2642 Sed
1342 2582 1385 2642 de
1401 2563 1691 2644 Salustianoscri·

281 2675 389 2739 bendi
416 2699 540 2763 genere
561 2681 667 2764 paulo
692 2679 785 2742 iussa
806 2683 996 2744 accuratius
1009 2703 1018 2760 ς
1032 2683 1106 2760 jam
1129 2687 1175 2749 de
1194 2684 1317 2768 libris,
1333 2705 1419 2765 quos
1444 2683 1690 2768 composuerit,

220 2836 223 2841 ,
282 2783 401 2864 paucis
415 2804 562 2868 agemus.
596 2787 781 2848 Catilinam
804 2787 927 2872 igitur,
946 2789 1079 2852 bellum
1097 2789 1344 2874 iugurthinum
1361 2798 1396 2852 et
1410 2789 1564 2869 quinque
1581 2788 1690 2850 histo-

282 2887 413 2950 riarum
434 2890 541 2953 libros
563 2892 606 2952 ab
628 2911 670 2954 eo
689 2911 760 2954 esse
786 2893 1011 2975 conscriptos,
1032 2895 1188 2956 omnium
1211 2892 1510 2978 grammaticorum
1525 2895 1691 2956 consensu

284 2995 536 3076 comprobatur.
564 2996 629 3056 Sed
645 2994 768 3075 quoin
779 3015 900 3079 opere,
921 2997 1118 3062 rudimenta
1133 2998 1302 3081 posuerit,
1321 3017 1443 3080 parum
1461 3006 1690 3083 compertum,

283 3098 352 3162 nisi
371 3101 465 3179 quod
487 3119 527 3162 ex
547 3100 703 3162 Catilinae
721 3099 924 3181 praefatione
944 3101 1063 3186 colligi
1079 3121 1178 3184 posse
1192 3103 1347 3186 ridetur,
1367 3105 1433 3166 boc
1450 3111 1689 3190 argumentum

284 3202 530 3286 cumprimum
551 3203 618 3266 sibi
642 3206 855 3267 tractandum
879 3206 1091 3288 suscepsisse.

363 3309 429 3374 Sed
455 3311 548 3372 hunc
574 3307 704 3372 librum
728 3309 843 3374 statim
869 3320 947 3397 post
968 3310 1181 3376 tribunatum
1198 3311 1363 3397 scriplum
1383 3311 1503 3398 tuisse,
1530 3333 1605 3396 quae
1623 3316 1690 3380 De»

285 3585 459 3650 imbecilla
475 3595 554 3650 aetas
572 3589 761 3652 ambitione
774 3600 933 3675 corrupta
954 3591 1151 3676 tenebatur,
1172 3611 1210 3654 ac
1230 3611 1302 3675 me,
1317 3612 1395 3655 eum
1416 3591 1460 3654 ab
1476 3592 1690 3675 reliquorum

287 3691 386 3753 malis
410 3691 563 3756 moribus
583 3693 820 3778 dissentirem,
847 3697 961 3759 nihilo
977 3698 1092 3759 minus
1112 3697 1255 3759 honoris
1282 3699 1431 3781 cupido,
1458 3701 1593 3782 eadem,
1614 3718 1691 3781 quae

287 3804 425 3880 ceteros,
440 3797 528 3859 tama
553 3808 655 3879 atque
666 3799 801 3864 invidia
821 3801 973 3866 vexabat.
994 3802 1105 3886 Igitur
1124 3801 1187 3862 uhi
1204 3801 1339 3864 animus
1356 3823 1396 3866 ex
1413 3803 1531 3865 multis
1543 3803 1692 3870 miseriis

286 3911 389 3981 atque
408 3903 571 3984 periculis
592 3905 776 3988 requierit,
798 3913 832 3967 et
857 3905 946 3968 mihi
972 3905 1141 3986 reliquam
1162 3914 1295 3969 aetatem
1322 3927 1343 3969 a
1369 3908 1546 3990 republica
1568 3911 1690 3993 procul

287 4005 481 4067 habendam
510 4009 668 4092 decrevi,
698 4029 769 4072 non
797 4009 862 4070 fuit
887 4010 1070 4073 consilium
1098 4012 1252 4074 secordia
1272 4022 1375 4094 atque
1401 4013 1535 4077 desidia
1559 4017 1690 4079 bonum

288 4108 397 4172 otium
416 4121 606 4198 conterere,
627 4157 638 4176 .
658 4117 815 4181 ..seda
835 4134 904 4198 quo
924 4115 1063 4199 incepto
1078 4116 1193 4181 studio
1210 4137 1266 4183 me
1280 4115 1443 4186 ‚ambitio
1478 4123 1578 4184 mola
1601 4117 1691 4182 deti·

288 4225 429 4279 nuerata
456 4224 519 4281 etc.
