4108 4976
387 413 463 505 444

388 609 474 688 isse,
506 607 579 670 hoec
606 603 728 668 merita
755 599 895 665 Salustii
922 600 996 664 laus
1025 607 1084 665 est.
1132 583 1342 687 Sed'timso‚
1363 623 1407 667 ne
1434 603 1473 665 in
1493 599 1596 679 hujus
1615 598 1790 685 scriptoris

382 711 573 774 -virtutihus
593 689 820 793 praedicandis
841 709 981 768 modum
1003 705 1180 770 excessisse
1201 715 1235 769 et
1254 707 1406 770 studium
1424 726 1539 769 mcum
1553 706 1714 768 laudibus
1733 725 1790 769 ex-
1811 771 1814 776 ,

389 815 512 878 tollere
532 815 661 877 videar.
701 813 814 896 Quare
834 811 964 886 ceteris,
986 831 1061 892 quae
1081 814 1125 873 ad
1146 811 1253 874 solam
1265 810 1699 878 orationemexornandam
1710 828 1789 892 per·

390 919 515 994 tinent,
538 919 605 981 hoc
625 917 701 979 loco
721 914 866 998 omissis,
886 915 924 977 iu
945 913 1036 978 calce
1055 914 1139 977 libri
1160 914 1306 993 adjicere
1318 915 1465 999 placuit,
1484 907 1791 995 qdioonsulesbel·

389 1022 418 1084 li
437 1021 639 1107 iugurthiui
660 1029 813 1103 tempore
833 1017 978 1102 fuerint,
998 1027 1127 1099 etqua
1148 1039 1201 1084 res
1220 1019 1367 1105 singulis
1387 1018 1489 1082 anuis
1509 1025 1610 1104 gestas
1630 1016 1711 1080 sint.

389 1177 429 1252 A.
456 1177 499 1249 u.
526 1177 565 1250 o.
588 1174 739 1250 ocxx.
765 1175 801 1247 P.
826 1171 978 1247 Mucius
1002 1173 1181 1264 scevola,
1205 1177 1245 1248 1.
1272 1147 1502 1278 capuanis
1527 1173 1619 1248 riso.
1645 1123 1754 1250 coss⁴

474 1296 658 1360 Numantia
688 1303 792 1378 capta.
832 1296 1003 1378 iugurtha
1031 1303 1065 1358 et
1093 1296 1224 1358 Marius
1247 1295 1418 1380 Scipionis
1438 1295 1600 1380 auspiciis
1620 1294 1790 1380 stipendia

390 1403 530 1469 faciunt.
551 1400 631 1484 (cfr.
651 1401 739 1462 Plut.
759 1403 799 1464 V.
820 1398 921 1461 Marii
941 1420 968 1461 c.
982 1403 1010 1463 3.
1036 1401 1068 1462 J.
1080 1418 1108 1464 c.
1131 1395 1176 1481 7.)

391 1555 615 1632 DCXXXII.
642 1554 687 1648 Q.
714 1550 854 1625 Fabius
878 1551 1112 1629 Aemilianus
1136 1551 1346 1641 Maximus,
1367 1555 1406 1626 1.
1433 1553 1609 1656 Opimius
1634 1555 1728 1628 Cosa

472 1677 642 1760 iugurtha
661 1692 681 1735 a
703 1671 846 1756 Micipsa
866 1673 905 1736 in
925 1693 1069 1760 regnum
1090 1675 1278 1756 adoptatus.
1318 1675 1363 1755 (J.
1384 1695 1411 1738 c.
1425 1673 1470 1755 9.)

392 1833 617 1908 DCXXXV.
640 1830 692 1904 M.
718 1828 871 1904 Porcius
898 1831 1002 1917 Cato,
1027 1828 1072 1924 Q.
1095 1828 1261 1902 Marcius
1286 1830 1372 1903 Rem
1399 1831 1494 1904 Coss.

474 1952 620 2037 micipsa
640 1933 795 2013 moriar.
830 1951 957 2034 aeguu
976 1951 1160 2033 aduersu,
1179 1951 1356 2034 Hiempsal
1376 1958 1411 2016 et
1428 1951 1598 2035 augarus
1618 1953 1792 2016 thesauros

393 2058 485 2122 inter
504 2077 540 2120 se
561 2056 722 2119 dividunt
742 2063 776 2118 et
795 2053 935 2137 imperii
954 2053 1039 2118 fines
1059 2054 1281 2118 constituunt.
1321 2055 1367 2138 (J.
1382 2077 1410 2118 c.
1426 2053 1490 2138 ra.)

393 2213 635 2288 DCXXXVI.
661 2213 700 2283 L.
728 2207 899 2286 Caecilius
923 2208 1108 2300 Metellus,
1134 2209 1179 2305 Q.
1201 2210 1352 2285 Mucius
1375 2209 1536 2286 scaevola
1562 2213 1658 2286 Coss.

475 2333 651 2416 Hiempsal
672 2352 692 2396 a
711 2333 880 2417 iugurtha
900 2332 1046 2410 occisus;
1087 2332 1259 2396 Adherbal
1282 2333 1324 2396 ab
1345 2335 1467 2398 eodem
1485 2333 1580 2398 hello
1608 2330 1734 2418 petitus
1761 2337 1793 2394 et

395 2437 515 2522 praelio
536 2439 646 2501 victus
665 2439 703 2500 in
723 2437 937 2523 provinciam
957 2434 1170 2524 profugit.⁰)]

395 2591 654 2666 DCXXXVII.
681 2593 719 2664 (ἶ.
744 2591 913 2664 Licinius
939 2592 1048 2680 Geta,
1072 2593 1117 2689 Q.
1143 2593 1282 2667 Fabius
1293 2593 1474 2668 Eburnus
1500 2597 1594 2669 Coss.

477 2709 651 2773 Adherbal
671 2711 818 2770 Romam
838 2709 1081 2792 proficiscitur3
1111 2717 1232 2774 codem
1252 2714 1420 2796 Jugurtha
1441 2715 1572 2798 legatos
1592 2711 1705 2775 mittit.
1736 2713 1795 2774 Se·

357 2835 361 2840 ’
399 2822 497 2877 natus
517 2815 671 2894 utrisque
692 2815 801 2876 datus.
837 2815 874 2874 L.
896 2811 1055 2896 Opimius
1070 2813 1111 2876 in
1132 2813 1282 2878 Allicam
1303 2815 1423 2880 missus
1443 2817 1487 2876 ad
1508 2836 1652 2900 regnum
1676 2814 1797 2896 Micip-

399 2937 443 2983 sae
463 2919 554 2982 inter
573 2937 669 3003 reges
687 2917 923 2984 dividendum.
968 2920 1016 3001 (J.
1036 2939 1063 2984 c.
1087 2934 1134 2994 14.
1157 2917 1223 3002 15.)

398 3077 681 3152 DCXXXMllI.
706 3077 755 3150 M.
780 3077 963 3152 Aemilius
988 3077 1161 3166 Scaurus,
1183 3079 1234 3152 M.
1261 3077 1432 3154 Caecilius
1456 3075 1631 3151 Metellus
1652 3077 1747 3152 Coss.

480 3199 517 3258 L.
539 3197 708 3279 Opimius,
726 3199 873 3284 pecunia
894 3200 1093 3282 aJugurtha
1114 3209 1303 3282 cormptus,
1322 3209 1453 3281 partem
1463 3196 1633 3261 Numidiae
1645 3195 1736 3280 agris
1745 3193 1798 3257 si-

400 3299 516 3380 risque
537 3300 789 3383 opulentiorem
809 3304 986 3386 iugurthae
1007 3303 1119 3368 tradit.
1159 3305 1209 3386 (J.
1225 3325 1254 3366 c.
1272 3305 1338 3385 16.)
1392 3303 1411 3384 )

400 3451 642 3526 Dcxxxtx
667 3455 717 3526 Μ.
742 3455 885 3528 Acilius
911 3457 1062 3546 Balbus,
1091 3461 1128 3534 C.
1152 3458 1305 3534 Porcius
1332 3459 1424 3532 Cato
1450 3459 1543 3530 Coss.

482 3573 651 3658 iugurtha
670 3574 796 3636 iterum
815 3576 1043 3634 Adherbalem
1065 3579 1158 3638 bello
1179 3580 1275 3658 petit.
1316 3581 1364 3656 (J.
1383 3599 1410 3638 o.
1427 3577 1493 3655 ao.)

443 3755 471 3832 ⁴)
493 3753 550 3814 Sed
571 3774 632 3812 non
651 3754 719 3811 satis
739 3764 862 3834 certum,
879 3773 951 3810 num
966 3749 1026 3812 baec
1047 3751 1163 3811 duobus
1183 3773 1220 3811 au
1241 3753 1344 3814 eodem
1358 3775 1439 3815 anno
1458 3757 1531 3815 sacta
1546 3758 1621 3826 sint;
1643 3753 1708 3814 tut.
1720 3753 1797 3817 Gell.

483 3833 521 3891 N.
542 3834 577 3898 A.
602 3839 645 3896 13.
667 3833 846 3892 doCotoue:
875 3835 978 3893 consul
1002 3855 1069 3893 cum
1101 3835 1138 3910 Q.
1160 3833 1276 3894 Marcio
1305 3835 1463 3914 Regefuit
1484 3837 1622 3912 inquere
1643 3838 1798 3896 consulatu

482 3913 516 3970 in
536 3912 672 3988 Africam
690 3918 851 3994 profectus,
871 3915 904 3972 in
924 3935 958 3974 aa
976 3914 1128 3994 provincia
1149 3927 1273 3974 mortem
1293 3917 1372 3976 obiit.
1413 3917 1481 3974 «lam
1501 3919 1526 3976 si
1556 3927 1675 3995 propter
1694 3935 1797 3998 regum

486 3991 677 4052 dissensiones
703 3995 778 4053 Coto
806 3997 837 4052 in
858 3995 983 4052 Africam
1007 3999 1109 4056 missus
1129 4005 1180 4068 cst,
1221 3996 1370 4077 Hiempsal
1391 4008 1467 4056 certo
1488 3999 1585 4076 priore
1605 4015 1685 4057 auno
1706 4017 1723 4056 a
1743 3995 1798 4057 Ju-

485 4069 591 4153 gurtha
611 4074 721 4131 occisus
742 4095 800 4134 essa
820 4073 945 4131 ridetur.

425 4175 468 4252 “l
487 4177 557 4314 glas
577 4178 678 4235 omnia
699 4195 779 4234 arroo
801 4177 870 4238 635.
890 4177 928 4237 U.
949 4175 985 4238 C.
1005 4179 1080 4240 lacta
1100 4199 1159 4240 esso
1179 4177 1369 4240 Freinsbeim.
1390 4182 1501 4241 statuit.
1522 4179 1589 4244 vido
1608 4179 1713 4262 Suppl.
1733 4178 1797 4241 Lib.

508 4273 535 4315 a.
559 4275 585 4314 c.
611 4275 697 4314 ro-
712 4275 760 4317 aa.
