<?xml version="1.0" encoding="UTF-8"?>
<!DOCTYPE html PUBLIC "-//W3C//DTD XHTML 1.0 Transitional//EN"
    "http://www.w3.org/TR/xhtml1/DTD/xhtml1-transitional.dtd">
<html xmlns="http://www.w3.org/1999/xhtml" xml:lang="en" lang="en">
 <head>
  <title>
</title>
<meta http-equiv="Content-Type" content="text/html;charset=utf-8" />
  <meta name='ocr-system' content='tesseract 3.04.00' />
  <meta name='ocr-capabilities' content='ocr_page ocr_carea ocr_par ocr_line ocrx_word'/>
</head>
<body>
  <div class='ocr_page' id='page_1' title='image "./salustiiquaeexs02sallgoog_0305.png"; bbox 0 0 4108 4976; ppageno 0'>
   <div class='ocr_carea' id='block_1_1' title="bbox 391 402 463 477">
    <p class='ocr_par' dir='ltr' id='par_1_1' title="bbox 391 402 463 477">
     <span class='ocr_line' id='line_1_1' title="bbox 391 402 463 477; baseline -0.028 0"><span class='ocrx_word' id='word_1_1' title='bbox 391 402 463 477; x_wconf 71' lang='lat'><strong>532</strong></span> 
     </span>
    </p>
   </div>
   <div class='ocr_carea' id='block_1_2' title="bbox 294 573 1852 2783">
    <p class='ocr_par' dir='ltr' id='par_1_2' title="bbox 294 573 1852 2783">
     <span class='ocr_line' id='line_1_2' title="bbox 294 573 1800 686; baseline -0.001 -24"><span class='ocrx_word' id='word_1_2' title='bbox 294 589 301 606; x_wconf 82' lang='grc'><strong>’</strong></span> <span class='ocrx_word' id='word_1_3' title='bbox 394 605 483 662; x_wconf 79' lang='lat' dir='ltr'><strong>aute</strong></span> <span class='ocrx_word' id='word_1_4' title='bbox 509 599 638 663; x_wconf 76' lang='lat' dir='ltr'><strong>ocutos</strong></span> <span class='ocrx_word' id='word_1_5' title='bbox 659 593 822 681; x_wconf 81' lang='lat' dir='ltr'><strong>positam</strong></span> <span class='ocrx_word' id='word_1_6' title='bbox 848 614 928 660; x_wconf 83' lang='lat' dir='ltr'><strong>sum</strong></span> <span class='ocrx_word' id='word_1_7' title='bbox 950 590 1154 686; x_wconf 84' lang='lat' dir='ltr'><strong>profectus.</strong></span> <span class='ocrx_word' id='word_1_8' title='bbox 1183 595 1244 662; x_wconf 85' lang='lat' dir='ltr'><strong>cfr.</strong></span> <span class='ocrx_word' id='word_1_9' title='bbox 1262 597 1336 660; x_wconf 87' lang='lat' dir='ltr'><strong>Lir.</strong></span> <span class='ocrx_word' id='word_1_10' title='bbox 1351 573 1405 682; x_wconf 56' lang='lat'><strong>2&#39;3,</strong></span> <span class='ocrx_word' id='word_1_11' title='bbox 1420 597 1470 674; x_wconf 79' lang='grc'><strong>48.</strong></span> <span class='ocrx_word' id='word_1_12' title='bbox 1491 598 1549 681; x_wconf 67' lang='lat' dir='ltr'><strong>ab,</strong></span> <span class='ocrx_word' id='word_1_13' title='bbox 1571 617 1619 678; x_wconf 83' lang='lat'><strong>19·</strong></span> <span class='ocrx_word' id='word_1_14' title='bbox 1641 615 1677 682; x_wconf 78' lang='lat' dir='ltr'><strong>a,</strong></span> <span class='ocrx_word' id='word_1_15' title='bbox 1693 612 1743 678; x_wconf 83' lang='lat'><strong>49.</strong></span> <span class='ocrx_word' id='word_1_16' title='bbox 1765 603 1800 662; x_wconf 87' lang='lat' dir='ltr'><strong>et</strong></span> 
     </span>
     <span class='ocr_line' id='line_1_3' title="bbox 395 700 1798 786; baseline 0.003 -19"><span class='ocrx_word' id='word_1_17' title='bbox 395 703 518 786; x_wconf 73' lang='lat' dir='ltr'><strong>sapius</strong></span> <span class='ocrx_word' id='word_1_18' title='bbox 536 700 622 764; x_wconf 83' lang='lat' dir='ltr'><strong>alibi</strong></span> <span class='ocrx_word' id='word_1_19' title='bbox 649 705 741 786; x_wconf 83' lang='lat' dir='ltr'><strong>apud</strong></span> <span class='ocrx_word' id='word_1_20' title='bbox 764 704 858 764; x_wconf 89' lang='lat' dir='ltr'><strong>hunc</strong></span> <span class='ocrx_word' id='word_1_21' title='bbox 880 701 1092 786; x_wconf 78' lang='lat' dir='ltr'><strong>scriptorem.</strong></span> <span class='ocrx_word' id='word_1_22' title='bbox 1124 722 1214 784; x_wconf 83' lang='lat' dir='ltr'><strong>quos</strong></span> <span class='ocrx_word' id='word_1_23' title='bbox 1244 702 1406 766; x_wconf 85' lang='lat' dir='ltr'><strong>ducebat.</strong></span> <span class='ocrx_word' id='word_1_24' title='bbox 1437 703 1644 767; x_wconf 86' lang='lat' dir='ltr'><strong>constructio</strong></span> <span class='ocrx_word' id='word_1_25' title='bbox 1671 703 1798 771; x_wconf 80' lang='lat' dir='ltr'><strong>Graeca.</strong></span> 
     </span>
     <span class='ocr_line' id='line_1_4' title="bbox 396 803 1800 895; baseline 0.001 -25"><span class='ocrx_word' id='word_1_26' title='bbox 396 807 476 870; x_wconf 84' lang='lat' dir='ltr'><strong>ride</strong></span> <span class='ocrx_word' id='word_1_27' title='bbox 488 809 557 869; x_wconf 86' lang='lat' dir='ltr'><strong>Cat.</strong></span> <span class='ocrx_word' id='word_1_28' title='bbox 575 827 622 888; x_wconf 85' lang='grc' dir='ltr'><strong>ι7.</strong></span> <span class='ocrx_word' id='word_1_29' title='bbox 643 808 721 893; x_wconf 85' lang='lat' dir='ltr'><strong>Jug.</strong></span> <span class='ocrx_word' id='word_1_30' title='bbox 737 810 785 870; x_wconf 82' lang='lat'><strong>63.</strong></span> <span class='ocrx_word' id='word_1_31' title='bbox 807 803 913 895; x_wconf 83' lang='lat' dir='ltr'><strong>ignis.</strong></span> <span class='ocrx_word' id='word_1_32' title='bbox 930 808 1021 870; x_wconf 90' lang='lat' dir='ltr'><strong>Flor.</strong></span> <span class='ocrx_word' id='word_1_33' title='bbox 1035 813 1064 875; x_wconf 84' lang='grc'><strong>5.</strong></span> <span class='ocrx_word' id='word_1_34' title='bbox 1081 811 1315 872; x_wconf 82' lang='lat' dir='ltr'><strong>15.aateeos.</strong></span> <span class='ocrx_word' id='word_1_35' title='bbox 1335 827 1493 891; x_wconf 80' lang='lat' dir='ltr'><strong>pronora.</strong></span> <span class='ocrx_word' id='word_1_36' title='bbox 1507 829 1574 872; x_wconf 90' lang='lat' dir='ltr'><strong>om.</strong></span> <span class='ocrx_word' id='word_1_37' title='bbox 1593 810 1702 873; x_wconf 78' lang='lat' dir='ltr'><strong>Vatr.</strong></span> <span class='ocrx_word' id='word_1_38' title='bbox 1715 828 1800 893; x_wconf 87' lang='lat' dir='ltr'><strong>pro·</strong></span> 
     </span>
     <span class='ocr_line' id='line_1_5' title="bbox 396 910 1800 996; baseline 0 -22"><span class='ocrx_word' id='word_1_39' title='bbox 396 911 529 996; x_wconf 86' lang='lat' dir='ltr'><strong>barem,</strong></span> <span class='ocrx_word' id='word_1_40' title='bbox 550 912 579 976; x_wconf 90' lang='lat' dir='ltr'><strong>si</strong></span> <span class='ocrx_word' id='word_1_41' title='bbox 600 913 760 975; x_wconf 89' lang='lat' dir='ltr'><strong>meliores</strong></span> <span class='ocrx_word' id='word_1_42' title='bbox 778 912 862 974; x_wconf 86' lang='lat' dir='ltr'>libri</span> <span class='ocrx_word' id='word_1_43' title='bbox 883 913 1125 977; x_wconf 75' lang='lat' dir='ltr'><strong>consentirent.</strong></span> <span class='ocrx_word' id='word_1_44' title='bbox 1146 910 1314 974; x_wconf 85' lang='lat' dir='ltr'><strong>auditum</strong></span> <span class='ocrx_word' id='word_1_45' title='bbox 1334 919 1397 980; x_wconf 84' lang='lat' dir='ltr'><strong>est.</strong></span> <span class='ocrx_word' id='word_1_46' title='bbox 1417 912 1621 976; x_wconf 86' lang='lat' dir='ltr'><strong>rerb.subst.</strong></span> <span class='ocrx_word' id='word_1_47' title='bbox 1633 914 1800 977; x_wconf 86' lang='lat' dir='ltr'><strong>om.Ven.</strong></span> 
     </span>
     <span class='ocr_line' id='line_1_6' title="bbox 395 1015 1797 1100; baseline -0.001 -22"><span class='ocrx_word' id='word_1_48' title='bbox 395 1032 424 1092; x_wconf 89' lang='grc'><strong>4.</strong></span> <span class='ocrx_word' id='word_1_49' title='bbox 445 1037 558 1080; x_wconf 82' lang='lat' dir='ltr'><strong>manu</strong></span> <span class='ocrx_word' id='word_1_50' title='bbox 576 1015 829 1082; x_wconf 78' lang='lat' dir='ltr'><strong>vindicandum</strong></span> <span class='ocrx_word' id='word_1_51' title='bbox 850 1018 875 1080; x_wconf 93' lang='lat' dir='ltr'><strong>i.</strong></span> <span class='ocrx_word' id='word_1_52' title='bbox 895 1038 924 1084; x_wconf 92' lang='lat' dir='ltr'><strong>e.</strong></span> <span class='ocrx_word' id='word_1_53' title='bbox 944 1017 1152 1100; x_wconf 90' lang='lat' dir='ltr'><strong>supplicium</strong></span> <span class='ocrx_word' id='word_1_54' title='bbox 1173 1018 1218 1080; x_wconf 94' lang='lat' dir='ltr'><strong>ob</strong></span> <span class='ocrx_word' id='word_1_55' title='bbox 1228 1016 1462 1100; x_wconf 77' lang='lat' dir='ltr'><strong>proditionem</strong></span> <span class='ocrx_word' id='word_1_56' title='bbox 1475 1018 1516 1078; x_wconf 84' lang='lat' dir='ltr'><strong>ab</strong></span> <span class='ocrx_word' id='word_1_57' title='bbox 1528 1036 1569 1080; x_wconf 90' lang='lat' dir='ltr'><strong>eo</strong></span> <span class='ocrx_word' id='word_1_58' title='bbox 1583 1019 1797 1080; x_wconf 90' lang='lat' dir='ltr'><strong>sumendum.</strong></span> 
     </span>
     <span class='ocr_line' id='line_1_7' title="bbox 296 1120 1797 1207; baseline -0.003 -21"><span class='ocrx_word' id='word_1_59' title='bbox 296 1147 302 1157; x_wconf 79' lang='grc'><strong>’</strong></span> <span class='ocrx_word' id='word_1_60' title='bbox 408 1189 412 1202; x_wconf 65' lang='grc'><em>,</em></span> <span class='ocrx_word' id='word_1_61' title='bbox 475 1127 556 1206; x_wconf 84' lang='lat' dir='ltr'><strong>Cap.</strong></span> <span class='ocrx_word' id='word_1_62' title='bbox 578 1125 676 1188; x_wconf 88' lang='lat' dir='ltr'><strong>cv11.</strong></span> <span class='ocrx_word' id='word_1_63' title='bbox 696 1123 936 1186; x_wconf 84' lang='lat' dir='ltr'><strong>aestumabat.</strong></span> <span class='ocrx_word' id='word_1_64' title='bbox 957 1142 1020 1207; x_wconf 87' lang='lat' dir='ltr'><strong>pro</strong></span> <span class='ocrx_word' id='word_1_65' title='bbox 1043 1121 1276 1204; x_wconf 85' lang='lat' dir='ltr'><strong>existimabat,</strong></span> <span class='ocrx_word' id='word_1_66' title='bbox 1302 1130 1341 1184; x_wconf 88' lang='lat' dir='ltr'><strong>ut</strong></span> <span class='ocrx_word' id='word_1_67' title='bbox 1361 1120 1483 1205; x_wconf 77' lang='lat' dir='ltr'><strong>sepius</strong></span> <span class='ocrx_word' id='word_1_68' title='bbox 1500 1124 1591 1205; x_wconf 86' lang='lat' dir='ltr'><strong>apud</strong></span> <span class='ocrx_word' id='word_1_69' title='bbox 1601 1122 1797 1184; x_wconf 77' lang='lat' dir='ltr'><strong>Salustium.</strong></span> 
     </span>
     <span class='ocr_line' id='line_1_8' title="bbox 396 1223 1852 1310; baseline 0 -20"><span class='ocrx_word' id='word_1_70' title='bbox 396 1249 499 1310; x_wconf 86' lang='lat' dir='ltr'><strong>quem</strong></span> <span class='ocrx_word' id='word_1_71' title='bbox 517 1248 648 1291; x_wconf 84' lang='lat' dir='ltr'><strong>manas</strong></span> <span class='ocrx_word' id='word_1_72' title='bbox 668 1223 906 1291; x_wconf 82' lang='lat' dir='ltr'><strong>armaverint.</strong></span> <span class='ocrx_word' id='word_1_73' title='bbox 933 1229 1008 1292; x_wconf 80' lang='lat' dir='ltr'><strong>Vel.</strong></span> <span class='ocrx_word' id='word_1_74' title='bbox 1030 1249 1057 1288; x_wconf 90' lang='grc' dir='ltr'><strong>ι.</strong></span> <span class='ocrx_word' id='word_1_75' title='bbox 1073 1229 1104 1294; x_wconf 83' lang='grc'><strong>5.</strong></span> <span class='ocrx_word' id='word_1_76' title='bbox 1122 1229 1151 1288; x_wconf 90' lang='lat'><strong>6.</strong></span> <span class='ocrx_word' id='word_1_77' title='bbox 1185 1246 1288 1307; x_wconf 85' lang='lat' dir='ltr'><strong>quem</strong></span> <span class='ocrx_word' id='word_1_78' title='bbox 1314 1225 1416 1291; x_wconf 84' lang='lat' dir='ltr'><strong>etiam</strong></span> <span class='ocrx_word' id='word_1_79' title='bbox 1435 1228 1513 1291; x_wconf 88' lang='lat' dir='ltr'><strong>Vat.</strong></span> <span class='ocrx_word' id='word_1_80' title='bbox 1530 1229 1558 1289; x_wconf 93' lang='grc'><strong>5.</strong></span> <span class='ocrx_word' id='word_1_81' title='bbox 1580 1233 1798 1290; x_wconf 80' lang='lat' dir='ltr'><strong>armaverat.</strong></span> <span class='ocrx_word' id='word_1_82' title='bbox 1842 1277 1852 1290; x_wconf 83' lang='lat'><strong>.</strong></span> 
     </span>
     <span class='ocr_line' id='line_1_9' title="bbox 395 1332 1796 1414; baseline -0.004 -17"><span class='ocrx_word' id='word_1_83' title='bbox 395 1335 469 1398; x_wconf 82' lang='lat' dir='ltr'><strong>Vat.</strong></span> <span class='ocrx_word' id='word_1_84' title='bbox 485 1352 512 1395; x_wconf 80' lang='grc' dir='ltr'><strong>ι.</strong></span> <span class='ocrx_word' id='word_1_85' title='bbox 534 1353 665 1396; x_wconf 83' lang='lat' dir='ltr'><strong>marrus</strong></span> <span class='ocrx_word' id='word_1_86' title='bbox 685 1332 752 1414; x_wconf 84' lang='lat' dir='ltr'><strong>qui</strong></span> <span class='ocrx_word' id='word_1_87' title='bbox 768 1333 975 1395; x_wconf 79' lang='lat' dir='ltr'><strong>armaverit.</strong></span> <span class='ocrx_word' id='word_1_88' title='bbox 1000 1332 1074 1397; x_wconf 81' lang='lat' dir='ltr'><strong>Vel.</strong></span> <span class='ocrx_word' id='word_1_89' title='bbox 1086 1345 1118 1407; x_wconf 95' lang='lat'><strong>4.</strong></span> <span class='ocrx_word' id='word_1_90' title='bbox 1141 1351 1244 1412; x_wconf 85' lang='lat' dir='ltr'><strong>quem</strong></span> <span class='ocrx_word' id='word_1_91' title='bbox 1265 1351 1395 1394; x_wconf 82' lang='lat' dir='ltr'><strong>martae</strong></span> <span class='ocrx_word' id='word_1_92' title='bbox 1414 1338 1634 1394; x_wconf 83' lang='lat' dir='ltr'><strong>armaverat.</strong></span> <span class='ocrx_word' id='word_1_93' title='bbox 1660 1333 1751 1394; x_wconf 90' lang='lat' dir='ltr'><strong>Med.</strong></span> <span class='ocrx_word' id='word_1_94' title='bbox 1768 1333 1796 1392; x_wconf 88' lang='grc'><strong>8.</strong></span> 
     </span>
     <span class='ocr_line' id='line_1_10' title="bbox 395 1432 1802 1521; baseline -0.002 -21"><span class='ocrx_word' id='word_1_95' title='bbox 395 1440 454 1502; x_wconf 91' lang='lat' dir='ltr'><strong>sed</strong></span> <span class='ocrx_word' id='word_1_96' title='bbox 475 1436 656 1521; x_wconf 82' lang='lat' dir='ltr'><strong>nescio,an</strong></span> <span class='ocrx_word' id='word_1_97' title='bbox 671 1435 774 1500; x_wconf 91' lang='lat' dir='ltr'><strong>lectio</strong></span> <span class='ocrx_word' id='word_1_98' title='bbox 794 1439 869 1502; x_wconf 85' lang='lat' dir='ltr'><strong>Vat.</strong></span> <span class='ocrx_word' id='word_1_99' title='bbox 882 1437 910 1502; x_wconf 87' lang='grc'><strong>5.</strong></span> <span class='ocrx_word' id='word_1_100' title='bbox 931 1435 1021 1498; x_wconf 87' lang='lat' dir='ltr'><strong>Flor.</strong></span> <span class='ocrx_word' id='word_1_101' title='bbox 1033 1457 1060 1496; x_wconf 81' lang='lat' dir='ltr'><strong>c.</strong></span> <span class='ocrx_word' id='word_1_102' title='bbox 1075 1453 1123 1496; x_wconf 83' lang='lat' dir='ltr'><strong>ar.</strong></span> <span class='ocrx_word' id='word_1_103' title='bbox 1146 1456 1248 1516; x_wconf 86' lang='lat' dir='ltr'><strong>quem</strong></span> <span class='ocrx_word' id='word_1_104' title='bbox 1267 1453 1398 1497; x_wconf 81' lang='lat' dir='ltr'><strong>manas</strong></span> <span class='ocrx_word' id='word_1_105' title='bbox 1418 1432 1615 1498; x_wconf 82' lang='lat' dir='ltr'><strong>armaverit</strong></span> <span class='ocrx_word' id='word_1_106' title='bbox 1636 1434 1802 1498; x_wconf 90' lang='lat' dir='ltr'><strong>omnibus</strong></span> 
     </span>
     <span class='ocr_line' id='line_1_11' title="bbox 395 1540 1798 1626; baseline -0.001 -22"><span class='ocrx_word' id='word_1_107' title='bbox 395 1541 618 1626; x_wconf 77' lang='lat' dir='ltr'><strong>preferenda.</strong></span> <span class='ocrx_word' id='word_1_108' title='bbox 639 1543 768 1608; x_wconf 83' lang='lat' dir='ltr'><strong>dictum</strong></span> <span class='ocrx_word' id='word_1_109' title='bbox 786 1561 866 1625; x_wconf 89' lang='lat' dir='ltr'><strong>pro:</strong></span> <span class='ocrx_word' id='word_1_110' title='bbox 898 1540 994 1619; x_wconf 90' lang='lat' dir='ltr'><strong>cujus</strong></span> <span class='ocrx_word' id='word_1_111' title='bbox 1014 1559 1139 1602; x_wconf 84' lang='lat' dir='ltr'><strong>manus</strong></span> <span class='ocrx_word' id='word_1_112' title='bbox 1153 1549 1282 1602; x_wconf 81' lang='lat' dir='ltr'><strong>armeta</strong></span> <span class='ocrx_word' id='word_1_113' title='bbox 1302 1541 1357 1606; x_wconf 86' lang='lat' dir='ltr'><strong>sit.</strong></span> <span class='ocrx_word' id='word_1_114' title='bbox 1397 1543 1438 1602; x_wconf 93' lang='lat' dir='ltr'><strong>ld</strong></span> <span class='ocrx_word' id='word_1_115' title='bbox 1457 1541 1551 1605; x_wconf 90' lang='lat' dir='ltr'><strong>enim</strong></span> <span class='ocrx_word' id='word_1_116' title='bbox 1570 1541 1723 1605; x_wconf 79' lang='lat' dir='ltr'><strong>solemne</strong></span> <span class='ocrx_word' id='word_1_117' title='bbox 1739 1541 1798 1602; x_wconf 84' lang='lat' dir='ltr'><strong>Sa-</strong></span> 
     </span>
     <span class='ocr_line' id='line_1_12' title="bbox 394 1641 1797 1732; baseline -0.002 -24"><span class='ocrx_word' id='word_1_118' title='bbox 394 1648 517 1732; x_wconf 89' lang='lat' dir='ltr'><strong>lustio,</strong></span> <span class='ocrx_word' id='word_1_119' title='bbox 537 1655 576 1710; x_wconf 91' lang='lat' dir='ltr'><strong>ut</strong></span> <span class='ocrx_word' id='word_1_120' title='bbox 596 1647 718 1732; x_wconf 72' lang='lat' dir='ltr'><strong>sapius</strong></span> <span class='ocrx_word' id='word_1_121' title='bbox 736 1646 837 1710; x_wconf 83' lang='lat' dir='ltr'><strong>rebus</strong></span> <span class='ocrx_word' id='word_1_122' title='bbox 854 1645 928 1708; x_wconf 83' lang='lat' dir='ltr'><strong>rim</strong></span> <span class='ocrx_word' id='word_1_123' title='bbox 949 1645 1074 1729; x_wconf 85' lang='lat' dir='ltr'><strong>agendi</strong></span> <span class='ocrx_word' id='word_1_124' title='bbox 1095 1644 1232 1711; x_wconf 85' lang='lat' dir='ltr'><strong>tribunt.</strong></span> <span class='ocrx_word' id='word_1_125' title='bbox 1261 1643 1307 1706; x_wconf 84' lang='lat' dir='ltr'><strong>ab</strong></span> <span class='ocrx_word' id='word_1_126' title='bbox 1329 1641 1494 1708; x_wconf 74' lang='lat' dir='ltr'><strong>hostibus</strong></span> <span class='ocrx_word' id='word_1_127' title='bbox 1522 1655 1666 1709; x_wconf 79' lang='lat' dir='ltr'><strong>vertere.</strong></span> <span class='ocrx_word' id='word_1_128' title='bbox 1696 1647 1797 1723; x_wconf 68' lang='lat' dir='ltr'><strong>Teuc,</strong></span> 
     </span>
     <span class='ocr_line' id='line_1_13' title="bbox 394 1745 1801 1832; baseline -0.002 -18"><span class='ocrx_word' id='word_1_129' title='bbox 394 1748 546 1816; x_wconf 76' lang='lat' dir='ltr'><strong>hostilia</strong></span> <span class='ocrx_word' id='word_1_130' title='bbox 562 1747 715 1832; x_wconf 81' lang='lat' dir='ltr'><strong>fecerat.</strong></span> <span class='ocrx_word' id='word_1_131' title='bbox 735 1755 810 1817; x_wconf 85' lang='lat' dir='ltr'><strong>Vat.</strong></span> <span class='ocrx_word' id='word_1_132' title='bbox 824 1767 853 1812; x_wconf 83' lang='lat'><strong>2.</strong></span> <span class='ocrx_word' id='word_1_133' title='bbox 874 1749 913 1814; x_wconf 89' lang='lat' dir='ltr'><strong>id</strong></span> <span class='ocrx_word' id='word_1_134' title='bbox 929 1752 1024 1831; x_wconf 89' lang='lat' dir='ltr'><strong>quod</strong></span> <span class='ocrx_word' id='word_1_135' title='bbox 1040 1749 1260 1826; x_wconf 82' lang='lat' dir='ltr'><strong>nSalustianc</strong></span> <span class='ocrx_word' id='word_1_136' title='bbox 1281 1748 1432 1812; x_wconf 86' lang='lat' dir='ltr'><strong>dictione</strong></span> <span class='ocrx_word' id='word_1_137' title='bbox 1448 1750 1543 1811; x_wconf 91' lang='lat' dir='ltr'><strong>haud</strong></span> <span class='ocrx_word' id='word_1_138' title='bbox 1560 1750 1722 1812; x_wconf 81' lang='lat' dir='ltr'><strong>alienum.</strong></span> <span class='ocrx_word' id='word_1_139' title='bbox 1743 1745 1801 1811; x_wconf 87' lang='lat' dir='ltr'><strong>ire</strong></span> 
     </span>
     <span class='ocr_line' id='line_1_14' title="bbox 386 1849 1796 1944; baseline -0.003 -26"><span class='ocrx_word' id='word_1_140' title='bbox 386 1855 506 1944; x_wconf 86' lang='lat' dir='ltr'><strong>jubet.</strong></span> <span class='ocrx_word' id='word_1_141' title='bbox 528 1857 618 1920; x_wconf 90' lang='lat' dir='ltr'><strong>Med.</strong></span> <span class='ocrx_word' id='word_1_142' title='bbox 637 1857 665 1917; x_wconf 85' lang='grc'><strong>8.</strong></span> <span class='ocrx_word' id='word_1_143' title='bbox 685 1858 760 1921; x_wconf 79' lang='lat' dir='ltr'><strong>Vct.</strong></span> <span class='ocrx_word' id='word_1_144' title='bbox 773 1878 799 1918; x_wconf 89' lang='lat' dir='ltr'><strong>r.</strong></span> <span class='ocrx_word' id='word_1_145' title='bbox 823 1875 931 1940; x_wconf 85' lang='lat' dir='ltr'><strong>quom</strong></span> <span class='ocrx_word' id='word_1_146' title='bbox 952 1852 1152 1938; x_wconf 71' lang='lat' dir='ltr'><strong>ipsefilius.</strong></span> <span class='ocrx_word' id='word_1_147' title='bbox 1173 1855 1264 1916; x_wconf 89' lang='lat' dir='ltr'><strong>Med.</strong></span> <span class='ocrx_word' id='word_1_148' title='bbox 1281 1873 1309 1934; x_wconf 86' lang='lat'><strong>7.</strong></span> <span class='ocrx_word' id='word_1_149' title='bbox 1332 1849 1684 1942; x_wconf 84' lang='lat' dir='ltr'><strong>optumumsnctam.</strong></span> <span class='ocrx_word' id='word_1_150' title='bbox 1704 1856 1796 1916; x_wconf 91' lang='lat' dir='ltr'><strong>Med.</strong></span> 
     </span>
     <span class='ocr_line' id='line_1_15' title="bbox 373 1953 1797 2047; baseline -0.002 -25"><span class='ocrx_word' id='word_1_151' title='bbox 373 1972 375 1986; x_wconf 90' lang='lat'>&#39;</span> <span class='ocrx_word' id='word_1_152' title='bbox 399 1983 426 2022; x_wconf 89' lang='grc' dir='ltr'><strong>ι.</strong></span> <span class='ocrx_word' id='word_1_153' title='bbox 442 1975 473 2035; x_wconf 89' lang='grc'><strong>4.</strong></span> <span class='ocrx_word' id='word_1_154' title='bbox 489 1983 519 2040; x_wconf 89' lang='grc'><strong>7.</strong></span> <span class='ocrx_word' id='word_1_155' title='bbox 535 1980 583 2024; x_wconf 88' lang='grc' dir='ltr'><strong>ιο.</strong></span> <span class='ocrx_word' id='word_1_156' title='bbox 604 1963 689 2025; x_wconf 82' lang='lat' dir='ltr'><strong>Ven.</strong></span> <span class='ocrx_word' id='word_1_157' title='bbox 706 1965 737 2024; x_wconf 79' lang='lat'><strong>3.</strong></span> <span class='ocrx_word' id='word_1_158' title='bbox 752 1977 781 2036; x_wconf 91' lang='lat'><strong>4.</strong></span> <span class='ocrx_word' id='word_1_159' title='bbox 803 1961 892 2023; x_wconf 85' lang='lat' dir='ltr'><strong>Flor.</strong></span> <span class='ocrx_word' id='word_1_160' title='bbox 907 1963 935 2024; x_wconf 82' lang='lat'><strong>³.</strong></span> <span class='ocrx_word' id='word_1_161' title='bbox 958 1963 1005 2022; x_wconf 87' lang='grc' dir='ltr'><strong>ι5.</strong></span> <span class='ocrx_word' id='word_1_162' title='bbox 1025 1963 1073 2021; x_wconf 85' lang='grc' dir='ltr'><strong>ι6.</strong></span> <span class='ocrx_word' id='word_1_163' title='bbox 1092 1976 1141 2020; x_wconf 78' lang='grc' dir='ltr'><strong>ιι.</strong></span> <span class='ocrx_word' id='word_1_164' title='bbox 1158 1961 1206 2022; x_wconf 83' lang='lat'><strong>25.</strong></span> <span class='ocrx_word' id='word_1_165' title='bbox 1222 1962 1270 2021; x_wconf 75' lang='lat'><strong>²6.</strong></span> <span class='ocrx_word' id='word_1_166' title='bbox 1294 1957 1396 2021; x_wconf 88' lang='lat' dir='ltr'><strong>multi</strong></span> <span class='ocrx_word' id='word_1_167' title='bbox 1417 1958 1486 2021; x_wconf 85' lang='lat' dir='ltr'><strong>alii.</strong></span> <span class='ocrx_word' id='word_1_168' title='bbox 1505 1961 1565 2022; x_wconf 83' lang='lat' dir='ltr'><strong>sed</strong></span> <span class='ocrx_word' id='word_1_169' title='bbox 1575 1953 1703 2047; x_wconf 80' lang='lat' dir='ltr'><strong>sactu.</strong></span> <span class='ocrx_word' id='word_1_170' title='bbox 1723 1961 1797 2023; x_wconf 85' lang='lat' dir='ltr'><strong>Vat.</strong></span> 
     </span>
     <span class='ocr_line' id='line_1_16' title="bbox 397 2062 1797 2148; baseline -0.001 -23"><span class='ocrx_word' id='word_1_171' title='bbox 397 2087 425 2126; x_wconf 93' lang='grc' dir='ltr'><strong>ι.</strong></span> <span class='ocrx_word' id='word_1_172' title='bbox 440 2068 469 2132; x_wconf 81' lang='grc'><strong>3.</strong></span> <span class='ocrx_word' id='word_1_173' title='bbox 487 2068 516 2128; x_wconf 90' lang='grc'><strong>5.</strong></span> <span class='ocrx_word' id='word_1_174' title='bbox 536 2065 626 2129; x_wconf 89' lang='lat' dir='ltr'><strong>Flor.</strong></span> <span class='ocrx_word' id='word_1_175' title='bbox 645 2087 693 2127; x_wconf 90' lang='grc' dir='ltr'><strong>ιι.</strong></span> <span class='ocrx_word' id='word_1_176' title='bbox 713 2065 804 2128; x_wconf 91' lang='lat' dir='ltr'><strong>illud</strong></span> <span class='ocrx_word' id='word_1_177' title='bbox 824 2073 862 2127; x_wconf 93' lang='lat' dir='ltr'><strong>ut</strong></span> <span class='ocrx_word' id='word_1_178' title='bbox 882 2063 1057 2146; x_wconf 88' lang='lat' dir='ltr'><strong>antiquius</strong></span> <span class='ocrx_word' id='word_1_179' title='bbox 1078 2071 1145 2148; x_wconf 89' lang='lat' dir='ltr'><strong>est,</strong></span> <span class='ocrx_word' id='word_1_180' title='bbox 1166 2063 1215 2126; x_wconf 85' lang='lat' dir='ltr'><strong>ito</strong></span> <span class='ocrx_word' id='word_1_181' title='bbox 1235 2062 1345 2148; x_wconf 83' lang='lat' dir='ltr'><strong>magis</strong></span> <span class='ocrx_word' id='word_1_182' title='bbox 1366 2064 1526 2126; x_wconf 83' lang='lat' dir='ltr'><strong>convenit</strong></span> <span class='ocrx_word' id='word_1_183' title='bbox 1546 2063 1704 2126; x_wconf 81' lang='lat' dir='ltr'><strong>salustio.</strong></span> <span class='ocrx_word' id='word_1_184' title='bbox 1736 2083 1797 2124; x_wconf 86' lang='lat' dir='ltr'><strong>ac-</strong></span> 
     </span>
     <span class='ocr_line' id='line_1_17' title="bbox 396 2166 1800 2252; baseline -0.001 -20"><span class='ocrx_word' id='word_1_185' title='bbox 396 2166 546 2235; x_wconf 84' lang='lat' dir='ltr'><strong>ciderat.</strong></span> <span class='ocrx_word' id='word_1_186' title='bbox 575 2170 677 2236; x_wconf 87' lang='lat' dir='ltr'><strong>multi</strong></span> <span class='ocrx_word' id='word_1_187' title='bbox 694 2171 788 2234; x_wconf 87' lang='lat' dir='ltr'><strong>libri.</strong></span> <span class='ocrx_word' id='word_1_188' title='bbox 818 2172 877 2235; x_wconf 86' lang='lat' dir='ltr'><strong>sed</strong></span> <span class='ocrx_word' id='word_1_189' title='bbox 904 2169 1118 2234; x_wconf 85' lang='lat' dir='ltr'><strong>acciderant</strong></span> <span class='ocrx_word' id='word_1_190' title='bbox 1143 2169 1235 2232; x_wconf 77' lang='lat' dir='ltr'><strong>haud</strong></span> <span class='ocrx_word' id='word_1_191' title='bbox 1257 2167 1363 2232; x_wconf 86' lang='lat' dir='ltr'><strong>dubie</strong></span> <span class='ocrx_word' id='word_1_192' title='bbox 1381 2167 1616 2252; x_wconf 87' lang='lat' dir='ltr'><strong>retinendum,</strong></span> <span class='ocrx_word' id='word_1_193' title='bbox 1645 2167 1683 2230; x_wconf 90' lang='lat' dir='ltr'><strong>id</strong></span> <span class='ocrx_word' id='word_1_194' title='bbox 1703 2170 1800 2248; x_wconf 85' lang='lat' dir='ltr'><strong>quod</strong></span> 
     </span>
     <span class='ocr_line' id='line_1_18' title="bbox 395 2271 1803 2360; baseline -0.004 -22"><span class='ocrx_word' id='word_1_195' title='bbox 395 2295 473 2338; x_wconf 88' lang='lat' dir='ltr'><strong>cum</strong></span> <span class='ocrx_word' id='word_1_196' title='bbox 490 2276 586 2340; x_wconf 82' lang='lat' dir='ltr'><strong>locus</strong></span> <span class='ocrx_word' id='word_1_197' title='bbox 606 2295 708 2360; x_wconf 79' lang='lat' dir='ltr'><strong>supra</strong></span> <span class='ocrx_word' id='word_1_198' title='bbox 723 2276 896 2359; x_wconf 84' lang='lat' dir='ltr'><strong>laudatus,</strong></span> <span class='ocrx_word' id='word_1_199' title='bbox 923 2276 1011 2359; x_wconf 87' lang='lat' dir='ltr'><strong>(cap.</strong></span> <span class='ocrx_word' id='word_1_200' title='bbox 1029 2273 1095 2358; x_wconf 89' lang='lat'><strong>88.)</strong></span> <span class='ocrx_word' id='word_1_201' title='bbox 1116 2281 1189 2336; x_wconf 90' lang='lat' dir='ltr'><strong>tum</strong></span> <span class='ocrx_word' id='word_1_202' title='bbox 1205 2273 1455 2337; x_wconf 87' lang='lat' dir='ltr'><strong>nonnullorum</strong></span> <span class='ocrx_word' id='word_1_203' title='bbox 1476 2271 1647 2336; x_wconf 85' lang='lat' dir='ltr'><strong>librorum</strong></span> <span class='ocrx_word' id='word_1_204' title='bbox 1667 2273 1803 2357; x_wconf 75' lang='lat' dir='ltr'><strong>glossae</strong></span> 
     </span>
     <span class='ocr_line' id='line_1_19' title="bbox 336 2372 1803 2465; baseline -0.003 -19"><span class='ocrx_word' id='word_1_205' title='bbox 336 2437 342 2454; x_wconf 85' lang='lat'><strong>.</strong></span> <span class='ocrx_word' id='word_1_206' title='bbox 394 2387 626 2448; x_wconf 83' lang='lat' dir='ltr'><strong>accesserunt</strong></span> <span class='ocrx_word' id='word_1_207' title='bbox 655 2380 867 2448; x_wconf 84' lang='lat' dir='ltr'><strong>confirmant.</strong></span> <span class='ocrx_word' id='word_1_208' title='bbox 892 2387 1103 2465; x_wconf 84' lang='lat' dir='ltr'><strong>perventum</strong></span> <span class='ocrx_word' id='word_1_209' title='bbox 1130 2383 1198 2452; x_wconf 78' lang='lat' dir='ltr'><strong>est..</strong></span> <span class='ocrx_word' id='word_1_210' title='bbox 1223 2385 1278 2450; x_wconf 83' lang='lat' dir='ltr'><strong>est</strong></span> <span class='ocrx_word' id='word_1_211' title='bbox 1303 2397 1372 2448; x_wconf 90' lang='lat' dir='ltr'><strong>om.</strong></span> <span class='ocrx_word' id='word_1_212' title='bbox 1400 2381 1484 2446; x_wconf 80' lang='lat' dir='ltr'><strong>Ven.</strong></span> <span class='ocrx_word' id='word_1_213' title='bbox 1500 2393 1530 2454; x_wconf 88' lang='lat'><strong>4.</strong></span> <span class='ocrx_word' id='word_1_214' title='bbox 1558 2372 1639 2444; x_wconf 83' lang='lat' dir='ltr'><strong>dein</strong></span> <span class='ocrx_word' id='word_1_215' title='bbox 1653 2374 1803 2461; x_wconf 68' lang='lat' dir='ltr'><strong>paucis.</strong></span> 
     </span>
     <span class='ocr_line' id='line_1_20' title="bbox 392 2486 527 2549; baseline -0.015 0"><span class='ocrx_word' id='word_1_216' title='bbox 392 2486 477 2549; x_wconf 84' lang='lat' dir='ltr'><strong>Ven.</strong></span> <span class='ocrx_word' id='word_1_217' title='bbox 498 2491 527 2548; x_wconf 80' lang='grc'><strong>5.</strong></span> 
     </span>
     <span class='ocr_line' id='line_1_21' title="bbox 476 2591 1797 2678; baseline 0.002 -28"><span class='ocrx_word' id='word_1_218' title='bbox 476 2591 555 2672; x_wconf 83' lang='lat' dir='ltr'><strong>Cap.</strong></span> <span class='ocrx_word' id='word_1_219' title='bbox 575 2593 691 2654; x_wconf 87' lang='lat' dir='ltr'><strong>CVIII.</strong></span> <span class='ocrx_word' id='word_1_220' title='bbox 704 2592 829 2676; x_wconf 80' lang='lat' dir='ltr'><strong>fidum</strong></span> <span class='ocrx_word' id='word_1_221' title='bbox 849 2595 1117 2662; x_wconf 79' lang='lat' dir='ltr'><strong>esseRomarris.</strong></span> <span class='ocrx_word' id='word_1_222' title='bbox 1139 2597 1244 2663; x_wconf 83' lang='lat' dir='ltr'><strong>Rom.</strong></span> <span class='ocrx_word' id='word_1_223' title='bbox 1272 2596 1340 2661; x_wconf 87' lang='lat' dir='ltr'><strong>del.</strong></span> <span class='ocrx_word' id='word_1_224' title='bbox 1362 2597 1438 2661; x_wconf 80' lang='lat' dir='ltr'><strong>Vel.</strong></span> <span class='ocrx_word' id='word_1_225' title='bbox 1453 2595 1482 2658; x_wconf 87' lang='grc'><strong>5.</strong></span> <span class='ocrx_word' id='word_1_226' title='bbox 1501 2591 1655 2678; x_wconf 81' lang='lat' dir='ltr'><strong>pessime.</strong></span> <span class='ocrx_word' id='word_1_227' title='bbox 1677 2593 1797 2655; x_wconf 86' lang='lat' dir='ltr'><strong>eadem</strong></span> 
     </span>
     <span class='ocr_line' id='line_1_22' title="bbox 394 2687 1799 2783; baseline 0.002 -29"><span class='ocrx_word' id='word_1_228' title='bbox 394 2691 606 2778; x_wconf 80' lang='lat' dir='ltr'><strong>negligentia</strong></span> <span class='ocrx_word' id='word_1_229' title='bbox 633 2695 725 2758; x_wconf 82' lang='lat' dir='ltr'><strong>inira</strong></span> <span class='ocrx_word' id='word_1_230' title='bbox 743 2701 828 2761; x_wconf 87' lang='lat' dir='ltr'><strong>Vcn.</strong></span> <span class='ocrx_word' id='word_1_231' title='bbox 845 2717 873 2760; x_wconf 83' lang='lat' dir='ltr'><strong>r.</strong></span> <span class='ocrx_word' id='word_1_232' title='bbox 888 2703 917 2759; x_wconf 82' lang='grc'><strong>5.</strong></span> <span class='ocrx_word' id='word_1_233' title='bbox 943 2721 1029 2782; x_wconf 86' lang='lat' dir='ltr'><strong>pop.</strong></span> <span class='ocrx_word' id='word_1_234' title='bbox 1056 2703 1161 2768; x_wconf 85' lang='lat' dir='ltr'><strong>Rom.</strong></span> <span class='ocrx_word' id='word_1_235' title='bbox 1181 2702 1363 2783; x_wconf 86' lang='lat' dir='ltr'><strong>omittunt,</strong></span> <span class='ocrx_word' id='word_1_236' title='bbox 1390 2687 1581 2781; x_wconf 88' lang='lat' dir='ltr'><strong>quodcum</strong></span> <span class='ocrx_word' id='word_1_237' title='bbox 1600 2697 1730 2760; x_wconf 84' lang='lat' dir='ltr'><strong>duabus</strong></span> <span class='ocrx_word' id='word_1_238' title='bbox 1749 2695 1799 2758; x_wconf 92' lang='lat' dir='ltr'><strong>li-</strong></span> 
     </span>
    </p>
   </div>
   <div class='ocr_carea' id='block_1_3' title="bbox 395 2785 1922 2892">
    <p class='ocr_par' dir='ltr' id='par_1_3' title="bbox 395 2785 1922 2892">
     <span class='ocr_line' id='line_1_23' title="bbox 395 2785 1922 2892; baseline -0.001 -26"><span class='ocrx_word' id='word_1_239' title='bbox 395 2799 478 2866; x_wconf 79' lang='lat' dir='ltr'><strong>teris</strong></span> <span class='ocrx_word' id='word_1_240' title='bbox 498 2799 662 2882; x_wconf 88' lang='lat' dir='ltr'><strong>scriptum</strong></span> <span class='ocrx_word' id='word_1_241' title='bbox 681 2809 784 2884; x_wconf 87' lang='lat' dir='ltr'><strong>esset,</strong></span> <span class='ocrx_word' id='word_1_242' title='bbox 802 2801 903 2866; x_wconf 81' lang='lat' dir='ltr'><strong>facile</strong></span> <span class='ocrx_word' id='word_1_243' title='bbox 924 2803 1039 2866; x_wconf 87' lang='lat' dir='ltr'><strong>omitti</strong></span> <span class='ocrx_word' id='word_1_244' title='bbox 1057 2803 1182 2886; x_wconf 89' lang='lat' dir='ltr'><strong>potnit.</strong></span> <span class='ocrx_word' id='word_1_245' title='bbox 1203 2795 1389 2892; x_wconf 71' lang='lat' dir='ltr'><strong>delegerat.</strong></span> <span class='ocrx_word' id='word_1_246' title='bbox 1410 2804 1557 2870; x_wconf 84' lang='lat' dir='ltr'><strong>itaFlor.</strong></span> <span class='ocrx_word' id='word_1_247' title='bbox 1574 2825 1603 2866; x_wconf 87' lang='lat' dir='ltr'><strong>r.</strong></span> <span class='ocrx_word' id='word_1_248' title='bbox 1624 2823 1705 2864; x_wconf 89' lang='lat' dir='ltr'><strong>cum</strong></span> <span class='ocrx_word' id='word_1_249' title='bbox 1720 2796 1797 2866; x_wconf 84' lang='lat' dir='ltr'><strong>illo.</strong></span> <span class='ocrx_word' id='word_1_250' title='bbox 1913 2785 1922 2798; x_wconf 57' lang='lat'><em>⁶</em></span> 
     </span>
    </p>
   </div>
   <div class='ocr_carea' id='block_1_4' title="bbox 394 2883 1888 4362">
    <p class='ocr_par' dir='ltr' id='par_1_4' title="bbox 394 2883 1888 4362">
     <span class='ocr_line' id='line_1_24' title="bbox 395 2883 1799 2992; baseline 0.002 -26"><span class='ocrx_word' id='word_1_251' title='bbox 395 2924 471 2986; x_wconf 84' lang='lat' dir='ltr'><strong>quae</strong></span> <span class='ocrx_word' id='word_1_252' title='bbox 491 2905 581 2968; x_wconf 91' lang='lat' dir='ltr'><strong>Flor.</strong></span> <span class='ocrx_word' id='word_1_253' title='bbox 601 2927 648 2970; x_wconf 83' lang='grc' dir='ltr'><strong>ιι.</strong></span> <span class='ocrx_word' id='word_1_254' title='bbox 668 2905 813 2990; x_wconf 88' lang='lat' dir='ltr'><strong>omittit,</strong></span> <span class='ocrx_word' id='word_1_255' title='bbox 832 2906 1016 2971; x_wconf 74' lang='lat' dir='ltr'><strong>verissima.</strong></span> <span class='ocrx_word' id='word_1_256' title='bbox 1037 2927 1154 2972; x_wconf 90' lang='lat' dir='ltr'><strong>sensus</strong></span> <span class='ocrx_word' id='word_1_257' title='bbox 1181 2907 1275 2972; x_wconf 87' lang='lat' dir='ltr'><strong>enim</strong></span> <span class='ocrx_word' id='word_1_258' title='bbox 1295 2909 1326 2972; x_wconf 84' lang='lat' dir='ltr'><strong>is</strong></span> <span class='ocrx_word' id='word_1_259' title='bbox 1352 2917 1418 2974; x_wconf 83' lang='lat' dir='ltr'><strong>est:</strong></span> <span class='ocrx_word' id='word_1_260' title='bbox 1447 2883 1583 2992; x_wconf 67' lang='lat' dir='ltr'><strong>omnia,</strong></span> <span class='ocrx_word' id='word_1_261' title='bbox 1605 2911 1648 2972; x_wconf 91' lang='lat' dir='ltr'><strong>de</strong></span> <span class='ocrx_word' id='word_1_262' title='bbox 1672 2906 1799 2988; x_wconf 86' lang='lat' dir='ltr'><strong>quibus</strong></span> 
     </span>
     <span class='ocr_line' id='line_1_25' title="bbox 396 2995 1803 3096; baseline -0.001 -22"><span class='ocrx_word' id='word_1_263' title='bbox 396 3030 474 3074; x_wconf 89' lang='lat' dir='ltr'><strong>cum</strong></span> <span class='ocrx_word' id='word_1_264' title='bbox 493 3011 590 3084; x_wconf 81' lang='lat' dir='ltr'><strong>Sulla</strong></span> <span class='ocrx_word' id='word_1_265' title='bbox 609 3013 802 3076; x_wconf 85' lang='lat' dir='ltr'><strong>consultare</strong></span> <span class='ocrx_word' id='word_1_266' title='bbox 822 3013 889 3076; x_wconf 87' lang='lat' dir='ltr'><strong>sibi</strong></span> <span class='ocrx_word' id='word_1_267' title='bbox 911 3014 950 3078; x_wconf 93' lang='lat' dir='ltr'><strong>in</strong></span> <span class='ocrx_word' id='word_1_268' title='bbox 967 3015 1084 3079; x_wconf 85' lang='lat' dir='ltr'><strong>animo</strong></span> <span class='ocrx_word' id='word_1_269' title='bbox 1101 3015 1162 3094; x_wconf 73' lang='lat' dir='ltr'><strong>sit,</strong></span> <span class='ocrx_word' id='word_1_270' title='bbox 1191 3017 1251 3078; x_wconf 89' lang='lat' dir='ltr'><strong>sed</strong></span> <span class='ocrx_word' id='word_1_271' title='bbox 1272 3015 1401 3079; x_wconf 88' lang='lat' dir='ltr'><strong>duritas</strong></span> <span class='ocrx_word' id='word_1_272' title='bbox 1420 3018 1576 3096; x_wconf 82' lang='lat' dir='ltr'><strong>quaednm</strong></span> <span class='ocrx_word' id='word_1_273' title='bbox 1597 3014 1636 3076; x_wconf 93' lang='lat' dir='ltr'><strong>in</strong></span> <span class='ocrx_word' id='word_1_274' title='bbox 1655 3015 1723 3076; x_wconf 86' lang='lat' dir='ltr'><strong>hoc</strong></span> <span class='ocrx_word' id='word_1_275' title='bbox 1739 2995 1803 3094; x_wconf 78' lang='lat' dir='ltr'><strong>est&#39;,</strong></span> 
     </span>
     <span class='ocr_line' id='line_1_26' title="bbox 395 3118 1798 3206; baseline 0.003 -30"><span class='ocrx_word' id='word_1_276' title='bbox 395 3121 490 3196; x_wconf 86' lang='lat' dir='ltr'><strong>quod</strong></span> <span class='ocrx_word' id='word_1_277' title='bbox 507 3118 756 3182; x_wconf 84' lang='lat' dir='ltr'><strong>substantivum</strong></span> <span class='ocrx_word' id='word_1_278' title='bbox 777 3141 854 3182; x_wconf 87' lang='lat' dir='ltr'><strong>cum</strong></span> <span class='ocrx_word' id='word_1_279' title='bbox 874 3121 1086 3184; x_wconf 83' lang='lat' dir='ltr'><strong>substantivo</strong></span> <span class='ocrx_word' id='word_1_280' title='bbox 1107 3121 1180 3184; x_wconf 85' lang='lat' dir='ltr'><strong>sole</strong></span> <span class='ocrx_word' id='word_1_281' title='bbox 1198 3121 1442 3206; x_wconf 66' lang='lat' dir='ltr'><strong>praepositione</strong></span> <span class='ocrx_word' id='word_1_282' title='bbox 1456 3120 1614 3198; x_wconf 87' lang='lat' dir='ltr'><strong>junctum</strong></span> <span class='ocrx_word' id='word_1_283' title='bbox 1636 3125 1695 3182; x_wconf 89' lang='lat' dir='ltr'><strong>est.</strong></span> <span class='ocrx_word' id='word_1_284' title='bbox 1709 3137 1798 3200; x_wconf 87' lang='lat' dir='ltr'><strong>per-</strong></span> 
     </span>
     <span class='ocr_line' id='line_1_27' title="bbox 395 3203 1801 3314; baseline 0.001 -32"><span class='ocrx_word' id='word_1_285' title='bbox 395 3217 610 3304; x_wconf 84' lang='lat' dir='ltr'><strong>timesceret,</strong></span> <span class='ocrx_word' id='word_1_286' title='bbox 632 3242 702 3303; x_wconf 89' lang='lat' dir='ltr'><strong>quo</strong></span> <span class='ocrx_word' id='word_1_287' title='bbox 723 3243 781 3286; x_wconf 87' lang='lat' dir='ltr'><strong>res</strong></span> <span class='ocrx_word' id='word_1_288' title='bbox 801 3223 1003 3291; x_wconf 79' lang='lat' dir='ltr'><strong>eommunis</strong></span> <span class='ocrx_word' id='word_1_289' title='bbox 1024 3225 1194 3288; x_wconf 85' lang='lat' dir='ltr'><strong>licentius</strong></span> <span class='ocrx_word' id='word_1_290' title='bbox 1210 3235 1413 3314; x_wconf 78' lang='lat' dir='ltr'><strong>gereretur.</strong></span> <span class='ocrx_word' id='word_1_291' title='bbox 1433 3226 1505 3289; x_wconf 82' lang='lat' dir='ltr'><strong>haec</strong></span> <span class='ocrx_word' id='word_1_292' title='bbox 1521 3228 1613 3288; x_wconf 92' lang='lat' dir='ltr'><strong>unde</strong></span> <span class='ocrx_word' id='word_1_293' title='bbox 1626 3203 1801 3306; x_wconf 80' lang='lat' dir='ltr'><strong>pendeant</strong></span> 
     </span>
     <span class='ocr_line' id='line_1_28' title="bbox 394 3318 1797 3414; baseline 0.003 -29"><span class='ocrx_word' id='word_1_294' title='bbox 394 3325 490 3386; x_wconf 81' lang='lat' dir='ltr'><strong>haud</strong></span> <span class='ocrx_word' id='word_1_295' title='bbox 517 3324 619 3390; x_wconf 85' lang='lat' dir='ltr'><strong>facile</strong></span> <span class='ocrx_word' id='word_1_296' title='bbox 643 3327 778 3391; x_wconf 84' lang='lat' dir='ltr'><strong>dixeris.</strong></span> <span class='ocrx_word' id='word_1_297' title='bbox 809 3330 910 3392; x_wconf 89' lang='lat' dir='ltr'><strong>multi</strong></span> <span class='ocrx_word' id='word_1_298' title='bbox 939 3318 1012 3394; x_wconf 66' lang='grc' dir='ltr'><strong>Ιιέο</strong></span> <span class='ocrx_word' id='word_1_299' title='bbox 1037 3331 1081 3391; x_wconf 92' lang='lat' dir='ltr'><strong>ad</strong></span> <span class='ocrx_word' id='word_1_300' title='bbox 1102 3331 1279 3410; x_wconf 84' lang='lat' dir='ltr'><strong>sequentia</strong></span> <span class='ocrx_word' id='word_1_301' title='bbox 1293 3331 1467 3414; x_wconf 89' lang='lat' dir='ltr'><strong>pertinere</strong></span> <span class='ocrx_word' id='word_1_302' title='bbox 1485 3338 1637 3394; x_wconf 82' lang='lat' dir='ltr'><strong>statuunt</strong></span> <span class='ocrx_word' id='word_1_303' title='bbox 1657 3337 1693 3392; x_wconf 91' lang='lat' dir='ltr'><strong>et</strong></span> <span class='ocrx_word' id='word_1_304' title='bbox 1710 3347 1797 3390; x_wconf 86' lang='lat' dir='ltr'><strong>nam</strong></span> 
     </span>
     <span class='ocr_line' id='line_1_29' title="bbox 396 3417 1797 3522; baseline 0.004 -32"><span class='ocrx_word' id='word_1_305' title='bbox 396 3435 476 3491; x_wconf 83' lang='lat' dir='ltr'><strong>ante</strong></span> <span class='ocrx_word' id='word_1_306' title='bbox 499 3430 622 3492; x_wconf 81' lang='lat' dir='ltr'><strong>verba:</strong></span> <span class='ocrx_word' id='word_1_307' title='bbox 652 3433 698 3495; x_wconf 82' lang='lat' dir='ltr'><strong>ab</strong></span> <span class='ocrx_word' id='word_1_308' title='bbox 725 3429 866 3495; x_wconf 77' lang='lat' dir='ltr'><strong>insidiis</strong></span> <span class='ocrx_word' id='word_1_309' title='bbox 888 3433 967 3522; x_wconf 84' lang='lat' dir='ltr'><strong>ejas</strong></span> <span class='ocrx_word' id='word_1_310' title='bbox 996 3434 1122 3498; x_wconf 87' lang='lat' dir='ltr'><strong>delent.</strong></span> <span class='ocrx_word' id='word_1_311' title='bbox 1143 3417 1203 3498; x_wconf 82' lang='lat' dir='ltr'><strong>sed</strong></span> <span class='ocrx_word' id='word_1_312' title='bbox 1226 3437 1294 3498; x_wconf 92' lang='lat' dir='ltr'><strong>hoc</strong></span> <span class='ocrx_word' id='word_1_313' title='bbox 1316 3435 1496 3520; x_wconf 85' lang='lat' dir='ltr'><strong>audacius,</strong></span> <span class='ocrx_word' id='word_1_314' title='bbox 1526 3445 1560 3500; x_wconf 90' lang='lat' dir='ltr'><strong>et</strong></span> <span class='ocrx_word' id='word_1_315' title='bbox 1586 3434 1658 3498; x_wconf 86' lang='lat' dir='ltr'><strong>fere</strong></span> <span class='ocrx_word' id='word_1_316' title='bbox 1673 3435 1797 3496; x_wconf 63' lang='lat' dir='ltr'><strong>,eadem</strong></span> 
     </span>
     <span class='ocr_line' id='line_1_30' title="bbox 398 3529 1795 3630; baseline 0.005 -38"><span class='ocrx_word' id='word_1_317' title='bbox 398 3529 662 3596; x_wconf 76' lang='lat' dir='ltr'><strong>constructionis</strong></span> <span class='ocrx_word' id='word_1_318' title='bbox 682 3534 836 3594; x_wconf 90' lang='lat' dir='ltr'><strong>durities.</strong></span> <span class='ocrx_word' id='word_1_319' title='bbox 877 3537 981 3596; x_wconf 86' lang='lat' dir='ltr'><strong>Recte</strong></span> <span class='ocrx_word' id='word_1_320' title='bbox 1002 3547 1113 3600; x_wconf 84' lang='lat' dir='ltr'><strong>autem</strong></span> <span class='ocrx_word' id='word_1_321' title='bbox 1133 3539 1281 3602; x_wconf 84' lang='lat' dir='ltr'><strong>Cortius:</strong></span> <span class='ocrx_word' id='word_1_322' title='bbox 1317 3561 1453 3612; x_wconf 59' lang='lat' dir='ltr'><strong>,rocem</strong></span> <span class='ocrx_word' id='word_1_323' title='bbox 1476 3544 1655 3630; x_wconf 80' lang='lat' dir='ltr'><strong>legatum,</strong></span> <span class='ocrx_word' id='word_1_324' title='bbox 1675 3547 1713 3601; x_wconf 91' lang='lat' dir='ltr'><strong>ut</strong></span> <span class='ocrx_word' id='word_1_325' title='bbox 1731 3537 1795 3600; x_wconf 80' lang='lat' dir='ltr'><strong>ali·</strong></span> 
     </span>
     <span class='ocr_line' id='line_1_31' title="bbox 396 3633 1798 3726; baseline 0.004 -28"><span class='ocrx_word' id='word_1_326' title='bbox 396 3634 455 3712; x_wconf 71' lang='lat' dir='ltr'><strong>.hi</strong></span> <span class='ocrx_word' id='word_1_327' title='bbox 476 3633 544 3696; x_wconf 84' lang='lat' dir='ltr'><strong>alia</strong></span> <span class='ocrx_word' id='word_1_328' title='bbox 564 3633 722 3708; x_wconf 84' lang='lat' dir='ltr'><strong>nomina,</strong></span> <span class='ocrx_word' id='word_1_329' title='bbox 749 3642 911 3713; x_wconf 81' lang='lat' dir='ltr'><strong>tanquam</strong></span> <span class='ocrx_word' id='word_1_330' title='bbox 931 3655 994 3718; x_wconf 93' lang='lat' dir='ltr'><strong>pro</strong></span> <span class='ocrx_word' id='word_1_331' title='bbox 1016 3644 1086 3698; x_wconf 83' lang='lat' dir='ltr'><strong>tota</strong></span> <span class='ocrx_word' id='word_1_332' title='bbox 1107 3639 1262 3704; x_wconf 84' lang='lat' dir='ltr'><strong>oratione</strong></span> <span class='ocrx_word' id='word_1_333' title='bbox 1280 3641 1408 3724; x_wconf 87' lang='lat' dir='ltr'><strong>posuit,</strong></span> <span class='ocrx_word' id='word_1_334' title='bbox 1428 3643 1466 3706; x_wconf 93' lang='lat' dir='ltr'><strong>id</strong></span> <span class='ocrx_word' id='word_1_335' title='bbox 1486 3647 1581 3725; x_wconf 87' lang='lat' dir='ltr'><strong>quod</strong></span> <span class='ocrx_word' id='word_1_336' title='bbox 1598 3644 1702 3707; x_wconf 86' lang='lat' dir='ltr'><strong>etiam</strong></span> <span class='ocrx_word' id='word_1_337' title='bbox 1713 3659 1798 3726; x_wconf 92' lang='lat' dir='ltr'><strong>pro-</strong></span> 
     </span>
     <span class='ocr_line' id='line_1_32' title="bbox 396 3735 1798 3832; baseline 0.004 -26"><span class='ocrx_word' id='word_1_338' title='bbox 396 3741 526 3816; x_wconf 63' lang='lat' dir='ltr'><strong>,rimaz</strong></span> <span class='ocrx_word' id='word_1_339' title='bbox 547 3759 632 3802; x_wconf 86' lang='lat' dir='ltr'><strong>nam</strong></span> <span class='ocrx_word' id='word_1_340' title='bbox 655 3735 766 3804; x_wconf 82' lang='lat' dir='ltr'><strong>aliter</strong></span> <span class='ocrx_word' id='word_1_341' title='bbox 780 3747 841 3804; x_wconf 87' lang='lat' dir='ltr'><strong>cet.</strong></span> <span class='ocrx_word' id='word_1_342' title='bbox 855 3739 1035 3824; x_wconf 86' lang='lat' dir='ltr'><strong>perspicue</strong></span> <span class='ocrx_word' id='word_1_343' title='bbox 1047 3740 1233 3805; x_wconf 66' lang='lat' dir='ltr'><strong>indicant.»</strong></span> <span class='ocrx_word' id='word_1_344' title='bbox 1251 3745 1318 3807; x_wconf 90' lang='lat' dir='ltr'><strong>hoc</strong></span> <span class='ocrx_word' id='word_1_345' title='bbox 1331 3745 1423 3808; x_wconf 89' lang='lat' dir='ltr'><strong>enirn</strong></span> <span class='ocrx_word' id='word_1_346' title='bbox 1437 3754 1528 3832; x_wconf 87' lang='lat' dir='ltr'><strong>apud</strong></span> <span class='ocrx_word' id='word_1_347' title='bbox 1541 3751 1679 3813; x_wconf 70' lang='lat' dir='ltr'><strong>Grecos</strong></span> <span class='ocrx_word' id='word_1_348' title='bbox 1688 3747 1798 3830; x_wconf 87' lang='lat' dir='ltr'><strong>scrip-</strong></span> 
     </span>
     <span class='ocr_line' id='line_1_33' title="bbox 397 3843 1798 3932; baseline 0.004 -24"><span class='ocrx_word' id='word_1_349' title='bbox 397 3853 489 3912; x_wconf 86' lang='lat' dir='ltr'><strong>tores</strong></span> <span class='ocrx_word' id='word_1_350' title='bbox 509 3843 600 3906; x_wconf 92' lang='lat' dir='ltr'><strong>nihil</strong></span> <span class='ocrx_word' id='word_1_351' title='bbox 620 3843 843 3930; x_wconf 87' lang='lat' dir='ltr'><strong>frequentius,</strong></span> <span class='ocrx_word' id='word_1_352' title='bbox 875 3856 915 3910; x_wconf 90' lang='lat' dir='ltr'><strong>ut</strong></span> <span class='ocrx_word' id='word_1_353' title='bbox 942 3847 1092 3931; x_wconf 90' lang='lat' dir='ltr'><strong>primum</strong></span> <span class='ocrx_word' id='word_1_354' title='bbox 1111 3849 1321 3914; x_wconf 82' lang='lat' dir='ltr'><strong>accusativus</strong></span> <span class='ocrx_word' id='word_1_355' title='bbox 1339 3853 1454 3916; x_wconf 80' lang='lat' dir='ltr'><strong>verbis</strong></span> <span class='ocrx_word' id='word_1_356' title='bbox 1481 3851 1633 3917; x_wconf 86' lang='lat' dir='ltr'><strong>timendi</strong></span> <span class='ocrx_word' id='word_1_357' title='bbox 1655 3851 1798 3932; x_wconf 84' lang='lat' dir='ltr'><strong>adjicia-</strong></span> 
     </span>
     <span class='ocr_line' id='line_1_34' title="bbox 397 3951 1796 4042; baseline 0.005 -29"><span class='ocrx_word' id='word_1_358' title='bbox 397 3959 468 4032; x_wconf 85' lang='lat' dir='ltr'><strong>tur,</strong></span> <span class='ocrx_word' id='word_1_359' title='bbox 497 3957 571 4012; x_wconf 90' lang='lat' dir='ltr'><strong>tum</strong></span> <span class='ocrx_word' id='word_1_360' title='bbox 590 3971 654 4034; x_wconf 89' lang='lat' dir='ltr'><strong>per</strong></span> <span class='ocrx_word' id='word_1_361' title='bbox 673 3951 874 4038; x_wconf 85' lang='lat' dir='ltr'><strong>epexegesin</strong></span> <span class='ocrx_word' id='word_1_362' title='bbox 895 3953 1083 4016; x_wconf 82' lang='lat' dir='ltr'><strong>accuratius</strong></span> <span class='ocrx_word' id='word_1_363' title='bbox 1103 3953 1309 4042; x_wconf 81' lang='lat' dir='ltr'><strong>explicetur,</strong></span> <span class='ocrx_word' id='word_1_364' title='bbox 1340 3979 1415 4040; x_wconf 82' lang='lat' dir='ltr'><strong>quee</strong></span> <span class='ocrx_word' id='word_1_365' title='bbox 1436 3959 1474 4021; x_wconf 93' lang='lat' dir='ltr'><strong>in</strong></span> <span class='ocrx_word' id='word_1_366' title='bbox 1494 3959 1557 4021; x_wconf 86' lang='lat' dir='ltr'><strong>teli</strong></span> <span class='ocrx_word' id='word_1_367' title='bbox 1577 3979 1613 4022; x_wconf 91' lang='lat' dir='ltr'><strong>re</strong></span> <span class='ocrx_word' id='word_1_368' title='bbox 1631 3958 1686 4022; x_wconf 82' lang='lat' dir='ltr'><strong>vel</strong></span> <span class='ocrx_word' id='word_1_369' title='bbox 1715 3977 1796 4041; x_wconf 84' lang='lat' dir='ltr'><strong>per·</strong></span> 
     </span>
     <span class='ocr_line' id='line_1_35' title="bbox 396 4059 1888 4154; baseline 0.002 -32"><span class='ocrx_word' id='word_1_370' title='bbox 396 4075 480 4122; x_wconf 85' lang='lat' dir='ltr'><strong>sone</strong></span> <span class='ocrx_word' id='word_1_371' title='bbox 500 4059 683 4124; x_wconf 86' lang='lat' dir='ltr'><strong>metuenda</strong></span> <span class='ocrx_word' id='word_1_372' title='bbox 701 4059 780 4120; x_wconf 87' lang='lat' dir='ltr'><strong>sint.</strong></span> <span class='ocrx_word' id='word_1_373' title='bbox 800 4059 876 4122; x_wconf 85' lang='lat' dir='ltr'><strong>Jam</strong></span> <span class='ocrx_word' id='word_1_374' title='bbox 896 4060 963 4122; x_wconf 87' lang='lat' dir='ltr'><strong>hoc</strong></span> <span class='ocrx_word' id='word_1_375' title='bbox 982 4059 1086 4122; x_wconf 82' lang='lat' dir='ltr'><strong>etiam</strong></span> <span class='ocrx_word' id='word_1_376' title='bbox 1106 4061 1187 4124; x_wconf 83' lang='lat' dir='ltr'><strong>setis</strong></span> <span class='ocrx_word' id='word_1_377' title='bbox 1206 4071 1350 4146; x_wconf 88' lang='lat' dir='ltr'><strong>certum,</strong></span> <span class='ocrx_word' id='word_1_378' title='bbox 1369 4065 1474 4128; x_wconf 82' lang='lat' dir='ltr'><strong>verba</strong></span> <span class='ocrx_word' id='word_1_379' title='bbox 1493 4063 1638 4127; x_wconf 90' lang='lat' dir='ltr'><strong>timendi</strong></span> <span class='ocrx_word' id='word_1_380' title='bbox 1651 4083 1723 4127; x_wconf 89' lang='lat' dir='ltr'><strong>non</strong></span> <span class='ocrx_word' id='word_1_381' title='bbox 1739 4081 1796 4125; x_wconf 83' lang='lat' dir='ltr'><strong>so-</strong></span> <span class='ocrx_word' id='word_1_382' title='bbox 1883 4135 1888 4154; x_wconf 85' lang='lat'><strong>.</strong></span> 
     </span>
     <span class='ocr_line' id='line_1_36' title="bbox 397 4161 1797 4244; baseline 0.003 -18"><span class='ocrx_word' id='word_1_383' title='bbox 397 4161 473 4232; x_wconf 86' lang='lat' dir='ltr'><strong>lum</strong></span> <span class='ocrx_word' id='word_1_384' title='bbox 493 4170 536 4225; x_wconf 85' lang='lat' dir='ltr'><strong>ut</strong></span> <span class='ocrx_word' id='word_1_385' title='bbox 555 4171 588 4227; x_wconf 87' lang='lat' dir='ltr'><strong>et</strong></span> <span class='ocrx_word' id='word_1_386' title='bbox 608 4183 669 4244; x_wconf 87' lang='lat' dir='ltr'><strong>ne,</strong></span> <span class='ocrx_word' id='word_1_387' title='bbox 701 4166 761 4232; x_wconf 86' lang='lat' dir='ltr'><strong>sed</strong></span> <span class='ocrx_word' id='word_1_388' title='bbox 789 4162 892 4226; x_wconf 80' lang='lat' dir='ltr'><strong>etiam</strong></span> <span class='ocrx_word' id='word_1_389' title='bbox 912 4162 1055 4227; x_wconf 86' lang='lat' dir='ltr'><strong>relativa</strong></span> <span class='ocrx_word' id='word_1_390' title='bbox 1075 4185 1152 4229; x_wconf 89' lang='lat' dir='ltr'><strong>cum</strong></span> <span class='ocrx_word' id='word_1_391' title='bbox 1179 4166 1396 4244; x_wconf 83' lang='lat' dir='ltr'><strong>conjunctivo</strong></span> <span class='ocrx_word' id='word_1_392' title='bbox 1414 4167 1470 4233; x_wconf 83' lang='lat' dir='ltr'><strong>vel</strong></span> <span class='ocrx_word' id='word_1_393' title='bbox 1489 4166 1701 4232; x_wconf 76' lang='lat' dir='ltr'><strong>infinitivum</strong></span> <span class='ocrx_word' id='word_1_394' title='bbox 1721 4185 1797 4230; x_wconf 56' lang='lat' dir='ltr'><strong>sae*</strong></span> 
     </span>
     <span class='ocr_line' id='line_1_37' title="bbox 398 4253 1797 4362; baseline 0.006 -32"><span class='ocrx_word' id='word_1_395' title='bbox 398 4265 523 4362; x_wconf 85' lang='lat' dir='ltr'><strong>pissme</strong></span> <span class='ocrx_word' id='word_1_396' title='bbox 544 4269 654 4354; x_wconf 82' lang='lat' dir='ltr'><strong>sequi.</strong></span> <span class='ocrx_word' id='word_1_397' title='bbox 676 4268 823 4354; x_wconf 81' lang='lat' dir='ltr'><strong>accedit,</strong></span> <span class='ocrx_word' id='word_1_398' title='bbox 839 4273 934 4352; x_wconf 85' lang='lat' dir='ltr'><strong>quod</strong></span> <span class='ocrx_word' id='word_1_399' title='bbox 953 4277 995 4334; x_wconf 88' lang='lat' dir='ltr'><strong>ut</strong></span> <span class='ocrx_word' id='word_1_400' title='bbox 1014 4277 1187 4338; x_wconf 84' lang='lat' dir='ltr'><strong>etnenoa</strong></span> <span class='ocrx_word' id='word_1_401' title='bbox 1204 4271 1323 4338; x_wconf 81' lang='lat' dir='ltr'><strong>eedem</strong></span> <span class='ocrx_word' id='word_1_402' title='bbox 1333 4253 1727 4360; x_wconf 79' lang='lat' dir='ltr'><strong>ubique&#39;significatione</strong></span> <span class='ocrx_word' id='word_1_403' title='bbox 1740 4274 1797 4338; x_wconf 82' lang='lat' dir='ltr'><strong>hia</strong></span> 
     </span>
    </p>
   </div>
   <div class='ocr_carea' id='block_1_5' title="bbox 0 0 2060 4976">
    <p class='ocr_par' dir='ltr' id='par_1_5' title="bbox 0 0 2060 4976">
     <span class='ocr_line' id='line_1_38' title="bbox 0 0 2060 4976; baseline 0 0"><span class='ocrx_word' id='word_1_404' title='bbox 0 0 2060 4976; x_wconf 95' lang='lat' dir='ltr'><strong> </strong></span> 
     </span>
    </p>
   </div>
  </div>
 </body>
</html>
