4116 4970
1612 413 1662 486 es
1756 387 1797 440 ·'

271 615 448 700 perficere,
475 610 632 682 effectum
652 611 751 694 darc,
772 608 956 673 absolvere.
977 605 1037 673 cfr.
1061 602 1441 690 cic.Ep.niv.1s.26.
1474 600 1657 687 explicare

271 726 308 780 et
316 722 481 801 expedire
489 716 700 809 negotiu·
712 710 896 802 ingenium
908 720 969 777 est.
998 713 1095 775 Barb.
1111 717 1214 789 ι.3.4.
1228 715 1256 775 6.
1284 713 1373 778 Med.
1386 715 1414 775 5.
1434 709 1505 770 vat.
1518 727 1547 770 a.
1568 713 1657 780 Flor.

271 841 300 900 9.
317 909 318 912 Ἴ
336 821 408 912 ing.
429 821 488 887 eit.
510 827 594 894 Min.
616 845 643 886 r.
664 841 741 902 quae
760 817 936 881 diversitas
956 817 1053 900 iacit,
1079 827 1118 880 ut
1144 821 1279 881 credam
1307 821 1451 884 verbum
1476 820 1661 886 substanti·

270 943 350 988 snm
372 929 415 991 ab
436 939 573 992 auctore
593 927 697 990 rasse
716 921 880 986 omissum
901 930 934 984 et
955 921 1142 985 alibrariis
1160 923 1257 986 vario
1277 927 1382 989 modo
1402 927 1606 1012 suppletum.

350 1033 530 1116 Superare
553 1032 577 1102 i.
607 1049 635 1094 c.
662 1043 853 1113 superesse,
880 1023 1072 1110 abundare,
1096 1029 1312 1111 superfluere.
1335 1029 1395 1092 cir.
1427 1034 1505 1118 lug.
1519 1035 1568 1109 64.
1601 1051 1663 1094 ex-

271 1135 446 1200 struendo
465 1137 545 1199 vide
564 1147 667 1219 supra
686 1153 758 1216 cap.
774 1135 821 1194 ιδ.
841 1127 1061 1195 continuare
1079 1130 1103 1192 i.
1114 1151 1143 1194 e.
1163 1132 1237 1195 sine
1257 1133 1510 1201 intermissione
1529 1135 1663 1216 aliquid

273 1235 406 1318 facer03
434 1242 494 1304 sed
508 1233 579 1302 'hoc
598 1238 676 1302 loco
695 1233 860 1321 primaria
886 1232 1154 1320 significatione,
1182 1235 1282 1299 binas
1300 1248 1358 1300 aut
1378 1241 1525 1325 amplius
1545 1243 1666 1304 domes

275 1343 452 1428 contiguas
470 1345 608 1408 habere.
635 1346 731 1425 quod
750 1341 868 1404 Cicero
888 1337 1096 1424 conjungere
1116 1339 1201 1403 dicit
1220 1361 1284 1424 pro
1305 1344 1409 1408 domo
1437 1362 1487 1421 44.
1517 1340 1661 1409 habita-

275 1467 316 1511 re
343 1450 428 1512 laxe
455 1457 491 1513 et
509 1449 700 1538 magnifice
728 1441 857 1522 voluit,
891 1444 1053 1525 duasque
1079 1452 1116 1509 et
1143 1465 1297 1534 magnae
1324 1455 1360 1512 et
1380 1449 1518 1513 nobiles
1538 1449 1664 1512 domos

277 1550 509 1643 conjungere.
530 1553 598 1616 cir..
611 1553 683 1616 Liv.
712 1556 761 1628 34.
777 1566 807 1626 4.
829 1546 956 1636 ingene
975 1547 1106 1632 cupido
1127 1569 1239 1639 agros
1254 1548 1512 1637 continuandi,
1534 1563 1568 1620 et
1578 1573 1607 1634 9.
1619 1557 1668 1628 34.

279 1677 345 1720 nec
355 1657 592 1722 anteabstitit
602 1653 854 1722 continuando
874 1649 1107 1741 magistratu.
1121 1655 1190 1719 Cic.
1200 1658 1242 1720 de
1252 1661 1325 1726 Nat.
1339 1656 1671 1726 D.1.120.Atomico-

277 1759 494 1826 haerescunt
514 1759 612 1826 inter
629 1782 668 1825 se
687 1769 722 1825 et
743 1754 948 1823 aliaeeliae
962 1759 1265 1841 apprehendentes
1279 1759 1559 1835 continuantur,
1580 1763 1613 1823 11
1627 1763 1670 1822 de

279 1867 359 1951 Leg.
379 1869 496 1952 Agrar.
519 1877 637 1931 contra
657 1865 812 1928 Rullum.
847 1864 1016 1950 Syllanus
1037 1883 1128 1952 ager
1146 1883 1171 1926 a
1197 1861 1308 1929 certis
1335 1863 1541 1931 hominibus
1570 1861 1672 1928 latis·

279 1967 369 2034 sime
389 1969 631 2038 continuatur
651 1971 760 2035 habet
775 1963 957 2042 invidiam,
973 1969 1091 2036 Horat.
1102 1971 1165 2033 06.
1181 1973 1212 2037 3.
1230 1973 1277 2032 ι6.
1292 1988 1341 2046 4ι.
1357 1995 1405 2051 27.
1424 1970 1459 2034 .ιί
1463 1961 1687 2059 Mygdoniis

278 2094 431 2161 regnum
453 2072 625 2157 Alyattei
642 2071 780 2157 campis
798 2069 1207 2138 continuem-Larem
1227 2094 1291 2158 pro
1312 2075 1594 2160 aedibuspositus,
1615 2072 1674 2135 clr.

281 2179 400 2240 Horat.
416 2181 482 2246 Od.
508 2202 533 2241 ι.
555 2197 602 2240 ιι.
616 2183 668 2253 43.
697 2173 817 2241 avitus
835 2182 924 2259 apto
945 2196 1027 2240 cum
1048 2170 1294 2265 laresundus.
1307 2179 1423 2242 Senec.
1439 2183 1529 2243 Med.
1545 2195 1593 2241 ιο.
1609 2199 1679 2262 per

282 2281 389 2346 urbes
409 2290 506 2347 erret
526 2283 675 2371 ignotas
695 2299 817 2369 egene,
837 2281 950 2364 exsut,
963 2299 1112 2364 pavens,
1135 2275 1284 2370 invisus,
1306 2278 1443 2346 incerti
1460 2279 1580 2352 Laris.
1619 2282 1679 2345 etr.

282 2386 397 2451 Plauti
415 2387 531 2452 Aulul.
551 2387 688 2472 Prolog.
710 2405 828 2468 quom.
849 2386 935 2452 Ven.
953 2402 982 2450 n.
1001 2405 1079 2470 quae
1098 2385 1209 2451 forms
1229 2388 1359 2470 ubique
1378 2389 1595 2453 restituenda·
1608 2407 1678 2452 esse

282 2491 435 2572 ridetur;
457 2511 536 2554 nam
558 2490 709 2575 optimus
728 2490 874 2573 quisque
893 2491 984 2556 liber
1005 2491 1133 2575 passim
1153 2511 1230 2556 earn
1248 2493 1363 2558 habet.
1395 2500 1606 2558 toreumata
1625 2493 1682 2556 di·

273 2605 413 2660 'cuntur
429 2617 511 2660 vasa
530 2597 658 2680 caelata,
678 2595 837 2681 inprimis
855 2593 980 2680 pocula
999 2594 1058 2662 cfr.
1079 2596 1213 2661 Gic.0r.
1231 2595 1269 2660 in
1288 2597 1454 2680 Pison.27.
1470 2596 1580 2667 Nihil
1588 2597 1689 2686 apud

284 2701 382 2766 hunc
414 2705 577 2783 lautum,
606 2700 703 2765 nituit
730 2702 892 2790 elegans,
921 2708 1090 2766 toreuma
1110 2703 1272 2786 nullum,
1298 2700 1454 2768 maximi
1472 2703 1613 2768 calices.
1647 2703 1684 2764 in

285 2807 316 2874 6.
349 2807 397 2874 ι8.
428 2807 560 2871 labere
585 2829 666 2870 eum
693 2807 860 2889 perbona
880 2814 1089 2870 toreumata
1121 2807 1159 2870 in
1179 2803 1235 2869 llis
1250 2811 1391 2890 pocula
1411 2810 1482 2871 duo
1504 2803 1688 2872 Mentoris

287 2929 418 2995 manu,
435 2932 575 2975 summo
597 2905 757 2996 artificio
770 2905 885 2998 facta
898 2944 940 2960 -
958 2909 1130 2990 trahunt,
1153 2917 1301 2992 vexant,
1321 2912 1401 2976 vide
1427 2931 1529 2994 supra
1549 2933 1622 2994 cap.
1640 2933 1686 2972 rr.

288 3015 433 3100 figurate
441 3015 582 3082 dictum.
594 3014 732 3078 utenim
738 3012 1086 3076 hominesttahunlur
1097 3013 1119 3074 i.
1128 3033 1156 3080 c.
1165 3013 1442 3100 malehabentur‚
1454 3016 1557 3078 nimIs
1571 3035 1688 3099 aspere
1744 3037 1748 3048 ·

289 3127 498 3203 tractantur,
517 3119 565 3180 ita
586 3118 690 3180 etiam
709 3116 855 3202 pecunie
865 3159 877 3191 ,
898 3137 975 3180 cum
994 3117 1217 3201 profunditur
1236 3119 1334 3203 quasi
1354 3120 1508 3185 ludibrio
1523 3119 1688 3206 habetur,

289 3234 329 3291 ut
348 3223 486 3288 Salustii
502 3223 617 3288 verbis
637 3231 730 3301 utsr3
760 3241 830 3304 quo
850 3241 950 3286 sensu
969 3223 1059 3306 apud
1080 3223 1238 3287 Plautum
1263 3233 1520 3290 tractarenon
1543 3246 1613 3291 uno
1634 3227 1688 3291 lo-

291 3349 341 3395 co.
363 3329 424 3394 cfr.
445 3329 519 3393 Mil.
541 3328 636 3395 Glor.
655 3343 683 3392 ι.
697 3330 725 3395 6.
743 3347 792 3392 ιο.
811 3333 981 3390 tractant
1001 3335 1037 3391 et
1056 3324 1249 3416 ludificant
1268 3327 1462 3421 ingenuam
1485 3342 1521 3397 et
1538 3331 1688 3398 liberum

291 3435 352 3500 cir.
373 3436 397 3498 1.
418 3436 443 3504 l.
464 3455 513 3499 vs.
530 3436 582 3498 30.
603 3435 646 3498 de
665 3433 701 3498 vi
720 3431 822 3498 verbi
840 3451 983 3516 venare,
1003 3431 1083 3497 ride
1101 3434 1178 3497 Aul.
1195 3434 1283 3500 Geli.
1300 3453 1325 3502 n.
1346 3439 1374 3504 6.
1396 3459 1512 3522 „nam
1534 3433 1692 3529 quiser·

217 3571 222 3579 ’
293 3549 357 3605 tur
375 3549 411 3607 et
433 3547 611 3625 raptatur
630 3545 744 3620 atque
761 3536 833 3601 huc
852 3543 964 3620 atque
983 3533 1073 3603 illuc
1094 3535 1326 3627 distrahitur,
1349 3538 1381 3608 is
1402 3543 1528 3608 vexari
1539 3543 1692 3628 proprie

177 3659 179 3668 ·
294 3642 440 3714 dicitur.
454 3645 473 3678 ”
497 3655 532 3708 et
551 3645 656 3730 paulo
686 3641 778 3707 infra
798 3649 962 3708 renatam
983 3645 1138 3710 Italiam
1160 3643 1254 3709 drmit
1282 3647 1379 3712 Cato
1407 3647 1452 3710 ab
1481 3648 1695 3714 Hannibale

297 3751 443 3832 quando
464 3751 605 3812 nullum
629 3745 856 3812 calamitatis
875 3757 943 3811 aut
973 3747 1147 3812 saevitiae
1168 3757 1235 3810 aut
1250 3743 1493 3814 immanitatis
1510 3771 1625 3838 genus
1636 3774 1695 3818 re·

290 3850 412 3936 periri
428 3862 554 3934 queat,
578 3851 678 3933 quod
695 3847 733 3914 in
754 3870 796 3915 eo
817 3857 978 3934 tempore
996 3847 1115 3916 Italia
1134 3871 1209 3915 non
1226 3872 1395 3933 perpessa
1414 3850 1473 3918 sit.
1500 3855 1637 3920 sen-ius
1650 3861 1694 3921 ad

296 3960 390 4043 Virg.
405 3959 519 4042 Eclog.
537 3959 565 4019 6.
584 3961 633 4036 76.
667 3977 827 4039 „vexare
847 3961 901 4019 est
920 3950 969 4018 νὴ
989 3955 1165 4039 quaedam
1185 3954 1299 4020 alieni
1317 3955 1487 4022 arbitrii
1529 3963 1695 4028 Praeteres

298 4062 473 4126 Glccronis
493 4063 608 4124 locum
629 4062 746 4126 laudat
763 4082 772 4124 ι
783 4055 885 4150 fana
907 4068 1050 4141 vexata,
1074 4056 1237 4144 direptae
1257 4061 1372 4127 urbes.
1417 4065 1526 4129 Plnul.
1552 4067 1640 4129 Pers.
1662 4069 1690 4130 6.
1722 4085 1743 4116 e

301 4189 330 4235 e.
352 4181 381 4241 4.
404 4163 459 4229 ita
480 4185 593 4229 meam
615 4187 691 4229 rem
716 4158 903 4230 diveaeavit.
925 4161 985 4226 cir.
1006 4183 1108 4249 supra
1127 4186 1200 4252 cap.
1228 4182 1275 4243 ι4.
1305 4169 1470 4234 lacerare
1491 4177 1524 4234 et
1544 4169 1691 4254 Martini.
