4106 4974
1611 427 1686 498 ,1οό

281 621 480 690 exereitum
488 619 659 692 victorem
679 619 936 692 reducentibus
955 619 1062 691 curia
1082 631 1193 690 extra
1217 617 1608 707 maros'prueleretur.
1628 621 1689 688 cir.

280 731 360 797 Caes.
386 729 424 794 B.
441 731 533 796 Gall.
555 734 584 793 6.
607 750 635 794 ι.
658 725 788 815 quitus
807 727 940 796 'omnio
957 741 1025 796 etc.
1044 727 1165 796 eadem
1184 730 1290 794 rerba
1310 720 1474 816 leguntur
1491 729 1531 792 in
1558 729 1635 816 Jug.
1656 749 1685 797 c.

226 821 230 828 ⁸
278 833 327 900 80.
370 833 416 918 Q.
446 833 646 926 Pompeius
677 829 812 924 Rufus.
852 834 933 899 ride
963 815 1044 898 Ean.
1072 835 1164 900 Clas.
1193 835 1262 899 Cic.
1307 835 1350 919 Q.
1380 835 1554 900 Metellus
1573 833 1689 924 Celes.

276 937 342 1020 qui
357 927 478 1023 postea
497 940 648 1002 Galliam
668 937 896 1022 provinciam,
917 959 1021 1020 quam
1031 939 1151 1004 Cicero
1171 943 1384 1025 deposuerat,
1402 937 1609 1027 proconsule
1628 935 1688 1001 ad·

277 1041 496 1109 ministravit.
518 1047 652 1110 Ernest.
675 1035 767 1128 Clas.
787 1041 856 1106 Cic.
878 1051 911 1107 et
930 1045 991 1128 Ep
1013 1045 1059 1109 ad
1077 1043 1155 1124 Dis.
1174 1045 1215 1112 V.
1233 1066 1261 1109 1.
1282 1067 1310 1108 a.
1333 1053 1576 1128 compararet.
1605 1045 1691 1107 Cod-

275 1146 397 1240 liiclrb.
410 1157 606 1233 pararent.
626 1151 688 1214 sed
705 1167 904 1233 comparare
924 1147 1040 1234 copias
1063 1150 1170 1216 etiam
1190 1151 1310 1216 Cicero
1323 1151 1417 1214 Orat.
1438 1171 1469 1213 c.
1488 1151 1538 1213 66.
1559 1157 1595 1213 et
1614 1167 1688 1212 ses·

283 1257 565 1320 tertiaeentum.
580 1253 708 1320 omisit
727 1253 847 1318 Eichh.
858 1250 976 1345 foeta
996 1247 1089 1330 erat,
1110 1256 1317 1321 indicativus
1336 1275 1401 1342 pro
1411 1253 1630 1334 conjunctivo
1647 1252 1687 1315 in

196 1403 199 1410 -
274 1359 433 1424 oratione
452 1359 622 1424 indirecta
641 1359 784 1446 positus.
799 1358 880 1423 ride
900 1377 1004 1444 supra
1022 1380 1095 1445 cap.
1107 1377 1157 1443 27.
1189 1357 1370 1427 sestertia.
1391 1360 1453 1424 cfr.
1473 1357 1623 1423 Wurmii
1642 1354 1689 1419 li·

272 1462 374 1526 brum
394 1463 438 1528 de
456 1464 686 1549 Ponderum,
704 1466 950 1532 Nummorum
970 1471 1007 1530 et
1027 1485 1283 1532 mensurarum
1301 1459 1511 1531 rationibus
1530 1463 1612 1528 satis
1631 1478 1686 1526 ac-

272 1577 389 1632 curate
407 1567 583 1654 scriptum.
614 1569 801 1634 decrevere
819 1572 915 1652 quod
935 1571 1057 1636 Cottio
1074 1581 1287 1658 suspectum,
1307 1570 1465 1662 omnium
1477 1570 1584 1633 codd·
1605 1585 1686 1630 auc-

271 1671 409 1738 toritate
429 1673 661 1739 confirmatur.
676 1673 752 1755 jam
770 1675 885 1741 omitti
904 1676 1047 1759 quidem
1056 1686 1210 1763 poterat,
1231 1679 1270 1742 id
1290 1678 1386 1759 quod
1400 1676 1496 1739 locus
1510 1698 1563 1760 ap.
1576 1673 1687 1764 Fron?

271 1775 385 1841 tinum
405 1779 671 1872 deliquaeductt.
694 1780 724 1865 3.
744 1767 812 1844 roi.
833 1781 1029 1848 luculenter
1048 1785 1267 1867 comprobat,
1287 1785 1347 1846 sed
1363 1783 1402 1847 iu
1418 1791 1468 1846 tot
1480 1783 1586 1846 Codd.
1602 1797 1685 1842 con-

270 1899 373 1948 sensu
393 1883 489 1947 nihii
516 1883 734 1950 mutandum:
759 1881 946 1977 familiae
973 1885 1236 1977 gladiatoriae.
1265 1887 1473 1965 vocabulum
1502 1885 1685 1950 inhaere
1743 1969 1747 1980 Ι

270 1987 474 2074 proprium3
494 1975 634 2058 Sueten.
654 1991 739 2076 Aug.
761 2007 812 2067 4²·
835 1991 904 2054 Cic.
923 2011 989 2075 pro
1008 1993 1105 2056 Sulla
1126 1995 1285 2074 19..Caes.
1305 1995 1344 2068 Β,
1364 1993 1438 2056 civ.
1456 1997 1486 2055 3.
1508 2009 1560 2061 αι,
1595 1996 1714 2060 cete.

269 2113 347 2155 rum
367 2113 431 2179 per
450 2094 587 2155 ltaliam
607 2094 908 2158 distribuebantur
929 2098 1159 2182 gladiatores,
1187 2117 1233 2160 ne
1251 2096 1412 2160 homines
1431 2094 1560 2159 feroces
1580 2102 1682 2174 atque
1744 2123 1750 2126 ·

268 2197 314 2257 ad
333 2199 560 2281 pugnandum
581 2196 716 2260 habiles
736 2197 893 2263 Catilinae
914 2199 1019 2263 sociis
1043 2199 1176 2262 auxilio
1196 2199 1404 2281 essenteir.
1420 2199 1491 2266 Cic.
1513 2199 1551 2261 in
1561 2199 1632 2260 Cat.
1653 2212 1684 2278 a,

272 2315 318 2361 rr.
335 2295 568 2388 gladiatores
590 2321 698 2384 quam
719 2297 794 2363 sibi
811 2298 876 2365 ille
894 2301 1098 2368 maximam
1120 2325 1269 2368 monum
1283 2312 1319 2367 et
1337 2299 1577 2368 certissimam
1587 2295 1682 2392 fore

206 2411 211 2424 ‘
264 2400 416 2488 putauit
423 2449 553 2469 .....
588 2411 779 2489 potestate
799 2413 922 2472 tamen
943 2417 1074 2475 nostra
1096 2406 1391 2500 continebantur.
1433 2409 1527 2473 idem
1548 2415 1582 2471 et
1602 2405 1682 2468 aliis

266 2507 482 2593 temporibus
493 2509 631 2577 iactum.
652 2507 712 2574 cir.
723 2509 795 2573 Cic.
813 2513 877 2596 Ep.
895 2513 1099 2596 Attic.7.14.
1121 2511 1282 2578 minores
1293 2511 1548 2603 magistratus.
1575 2509 1679 2574 Aedi-

265 2615 331 2699 les,
352 2615 545 2700 Quaestores
563 2615 754 2680 Triumviri
774 2625 808 2679 et
826 2617 985 2686 Tribuni.
1007 2617 1067 2686 cfr.
1090 2619 1165 2686 Aul.
1187 2619 1276 2684 Gell.
1299 2621 1347 2683 13.
1370 2621 1420 2684 ιδ.
1441 2617 1586 2698 maj0res
1606 2636 1681 2679 ma-

265 2719 425 2803 gistratus
445 2729 526 2784 sunt
547 2722 729 2806 Consules,
749 2729 911 2806 praetores
932 2731 965 2788 et
986 2743 1159 2808 censores,
1179 2744 1329 2805 quorum
1351 2725 1499 2789 maxima
1519 2730 1598 2787 sunt
1617 2741 1680 2783 au-

211 2857 214 2866 ’
265 2824 381 2909 spicia.
403 2825 475 2887 Liv.
497 2829 548 2905 39.
572 2829 679 2901 1416.
699 2825 817 2892 aediles
837 2837 872 2892 et
891 2830 1061 2914 plebejos,
1082 2839 1186 2910 atque
1208 2829 1408 2892 triumviros
1429 2827 1591 2912 capitales
1612 2823 1678 2886 mi·

266 2947 366 2992 nores
387 2928 604 3015 magistratus
624 2927 722 2991 dixit.

344 3035 424 3116 Cap.
444 3035 562 3096 XXXI.
606 3025 735 3115 quibus
753 3033 869 3097 rebus.
911 3056 990 3097 cum
1019 3035 1086 3096 Sal'.
1117 3035 1195 3097 aliis
1224 3032 1311 3098 locis
1342 3033 1540 3116 antiquiore
1564 3007 1676 3095 forma
1714 3053 1731 3083 -·

266 3133 348 3219 quis
368 3155 449 3200 usus
467 3138 530 3220 sit,
549 3135 721 3220 putaverit
740 3135 867 3218 aliquis
887 3137 991 3201 etiam
1012 3140 1079 3201 hoc
1105 3138 1185 3201 loco
1219 3157 1297 3202 eam
1328 3157 1399 3204 esse
1430 3161 1494 3225 per
1514 3139 1677 3202 emenda-

265 3241 395 3306 tionem
417 3241 683 3325 restituendam,
705 3243 764 3304 sed
786 3241 870 3306 libri
891 3245 972 3310 Mss.
992 3243 1171 3329 vulgatum
1193 3253 1389 3307 constanter
1408 3243 1575 3322 retinent3
1590 3263 1677 3325 per-

264 3356 366 3410 moto
387 3347 410 3409 i.
430 3355 671 3426 acommota,
692 3345 837 3410 turbata.
857 3345 918 3412 cir.
938 3349 1072 3412 Lucret.
1094 3351 1124 3410 6.
1139 3351 1212 3430 726.
1228 3361 1229 3366 ’
1245 3369 1326 3413 cum
1348 3369 1450 3412 more
1464 3353 1674 3430 permotum

264 3449 377 3514 ventis
395 3447 476 3517 ruit
507 3448 609 3514 intus
628 3471 794 3520 arenam.
822 3455 904 3518 Gaes.
924 3455 959 3519 Β.
982 3454 1021 3516 G.
1043 3475 1073 3536 7.
1095 3456 1142 3518 53.
1183 3449 1414 3540 'corfirmotis
1436 3449 1612 3518 militibus
1631 3472 1676 3515 ne
1788 3510 1796 3528 ,

264 3556 309 3620 ob
329 3555 426 3621 hanc
448 3577 598 3622 causam
620 3557 744 3622 animo
761 3568 1074 3642 permoverentur.
1093 3553 1221 3650 facies
1242 3566 1334 3638 erat.
1353 3545 1498 3623 uerbum
1517 3559 1676 3622 substan-

264 3659 397 3746 sivum,
429 3663 595 3726 hocloco
616 3662 1070 3748 maximeincommodum,
1103 3664 1219 3728 delere
1244 3685 1315 3726 non
1336 3684 1437 3745 ausus
1456 3685 1549 3747 sum,
1579 3664 1673 3744 quod

264 3784 309 3829 ne
329 3767 596 3850 uniusquidem
618 3767 747 3830 codicis
767 3767 874 3830 lectio
893 3767 1145 3831 emendationis
1171 3767 1352 3830 audaciam
1374 3769 1563 3830 excusabat.
1593 3767 1672 3845 jam

263 3891 342 3934 cum
363 3869 402 3934 in
425 3873 516 3936 Med.
537 3879 632 3936 sexto
651 3873 797 3939 verbum
816 3870 983 3935 omissum
1003 3871 1068 3956 sit,
1087 3873 1190 3955 hujus
1210 3871 1296 3935 libri
1315 3873 1552 3936 auctoritatem
1574 3871 1673 3955 sequi

179 4043 184 4052 ,
263 3977 379 4041 nullus
398 3977 532 4043 dubito.
542 3973 682 4067 facies.
698 3977 760 4053 cir,
781 3977 851 4041 Cic.
870 3997 935 4061 pro
948 3977 1086 4040 'Flacco
1114 3993 1167 4040 22.
1164 3971 1389 4068 fateantur,
1410 3975 1448 4042 in
1458 3975 1674 4046 Maeandrii

256 4101 421 4165 persona
437 4102 512 4145 esse
531 4103 736 4165 expressum
747 4079 890 4174 faciem
912 4079 1083 4148 civitatis.
1108 4083 1189 4146 Tac.
1210 4082 1299 4146 Hist.
1316 4097 1347 4160 4.
1370 4099 1419 4155 aa.
1449 4080 1567 4149 misma
1586 4076 1673 4143 belli

263 4180 380 4250 civilis
408 4181 622 4270 externique
639 4185 749 4278 facie
779 4227 823 4243 -
861 4186 1103 4251 credereris.
1126 4189 1205 4275 Jug.
1225 4206 1277 4270 72.
1320 4209 1436 4271 neque
1454 4189 1537 4251 Ioco
1556 4205 1672 4266 neque

263 4287 420 4358 mortali
438 4286 610 4374 cuiquam
620 4301 688 4356 aut
698 4289 858 4379 tempori
874 4285 1402 4377 sorberetur-reuulsam
1421 4285 1672 4380 magnitudine
