4108 4976
1599 421 1669 521 327

269 614 347 678 lraeo
364 611 483 676 omnia
503 614 548 677 ad
559 606 670 703 jubet
689 610 886 694 referenda3
913 613 992 678 aliis
1012 613 1155 699 quoque
1170 614 1257 680 loris
1275 616 1420 682 verbum
1431 612 1539 708 jubet
1557 614 1674 701 p'riino'
1785 677 1790 682 .

272 716 447 782 infinitivo
464 713 639 805 jungitur,
673 737 776 800 quem
806 719 870 784 alii
889 718 1056 786 infinitivi
1076 730 1283 807 sequuntur,
1315 721 1379 787 ubi
1398 721 1513 786 simile
1531 722 1675 786 verbum

269 823 501 908 supplendum
530 831 589 887 eat.
614 822 694 888 vide
714 843 818 910 supra
844 845 916 910 cap.
930 828 981 903 54.
1000 829 1120 891 eadem
1138 829 1225 890 ratio
1244 828 1429 891 verborum
1447 823 1676 909 sequentium.

271 927 394 993 exorti.
406 927 536 994 scilieet
548 946 709 994 eoomno.
722 927 781 1016 eir.
791 949 894 1015 supra
903 949 953 1012 7²·
960 929 1162 1014 providere.
1176 930 1200 994 i.
1212 925 1380 1000 moerere.
1394 931 1463 996 oie.
1474 931 1634 1017 Eppdtt.
1645 947 1675 995 a.

272 1051 301 1101 1.
318 1033 447 1114 quoda
458 1055 514 1097 me
524 1030 579 1096 ita
580 1040 827 1116 praecautum
836 1043 948 1118 atque
950 1032 1139 1120 provisum
1148 1044 1212 1102 eat.
1221 1037 1311 1101 Plin.
1320 1039 1405 1123 Epp.
1415 1042 1444 1100 3.
1454 1057 1483 1118 9.
1489 1033 1677 1120 provisum

269 1137 341 1202 doe
351 1137 585 1226 legibua.'l'ao.
598 1138 686 1202 Ann.
702 1141 751 1207 1⁵.
763 1141 811 1220 59.
825 1137 924 1205 nihil
933 1142 1122 1207 adversum
1134 1138 1678 1226 hooNeroniproviaum.-pa·

268 1261 366 1327 rare,
386 1264 490 1332 quam
504 1243 792 1331 significationem
812 1246 940 1328 aliquis
959 1246 1134 1332 praeferat,
1151 1248 1269 1312 minua
1289 1251 1443 1331 quadrat.
1464 1245 1524 1312 oir.
1537 1245 1611 1310 Lir.
1624 1247 1675 1310 2⁵.

270 1351 322 1429 ³9·
343 1346 500 1434 strepitu
519 1358 582 1414 eto.
603 1349 705 1429 hujus
724 1351 795 1416 loci
814 1352 1027 1418 abundantia
1050 1373 1154 1435 quam
1176 1353 1323 1424 maxime
1341 1353 1505 1422 notanda.
1524 1359 1595 1416 tam
1607 1349 1677 1437 sig·

269 1453 451 1520 nificanter
479 1457 573 1520 enim
594 1456 762 1521 tumultus
782 1457 1004 1543 describitur,
1033 1467 1073 1522 ut
1100 1449 1139 1522 iu
1168 1459 1252 1545 ipsis
1277 1458 1391 1525 verbis
1419 1455 1622 1522 tumultuosi
1641 1460 1677 1520 et

270 1558 403 1624 turbidi
431 1559 566 1641 aliquid
593 1560 705 1627 inesse
722 1561 889 1627 videatur.
911 1565 1074 1628 tumultu
1084 1558 1293 1654 formidine
1312 1573 1446 1629 terror.
1474 1561 1677 1629 Tauriuens.

268 1663 365 1731 Eioh.
387 1665 513 1747 plures
541 1661 737 1748 copraelio.
766 1667 859 1732 idem
887 1655 973 1752 (que
996 1667 1151 1750 omisso.)
1177 1677 1380 1751 acceperat.
1407 1668 1504 1734 Eich.
1530 1669 1591 1733 sed
1609 1667 1684 1730 hoe·

268 1770 363 1834 haud
372 1769 479 1834 dubie
490 1769 573 1836 inde
587 1779 711 1857 ortum,
727 1774 822 1852 quod
833 1771 873 1834 in
885 1772 1012 1832 horum
1018 1771 1203 1836 verborum
1214 1773 1415 1838 recitatione
1424 1781 1595 1858 postrema
1605 1771 1680 1856 syl·

268 1875 349 1938 laba
368 1875 462 1939 vocis
481 1875 706 1958 praecedentis
724 1875 845 1959 prime
866 1873 1040 1958 sequentis
1059 1875 1158 1938 verbi
1177 1871 1414 1962 affingeretur;
1425 1885 1576 1943 ceterum
1587 1875 1680 1941 mihi

269 1979 414 2044 dubium
426 1978 616 2043 etiamnum
624 1979 776 2066 videtur,
789 2000 905 2044 annon
917 1981 984 2049 Sal.
1007 1978 1116 2064 quusi
1132 1980 1300 2049 vecordia
1309 1985 1406 2048 nulla
1423 1981 1680 2068 comparatione

267 2085 386 2149 addita
403 2083 539 2150 dixerit.
560 2085 608 2149 ita
623 2085 692 2149 Cio.
704 2087 787 2171 Epp.
802 2091 870 2150 M.
892 2083 1063 2152 Facilius
1078 2094 1160 2152 erat
1180 2084 1274 2152 milti
1291 2087 1400 2172 quasi
1417 2077 1590 2155 decursus
1607 2080 1683 2150 mei

269 2186 506 2273 τωρωι).-
524 2192 673 2273 quodsi
693 2191 732 2254 in
751 2191 901 2256 Salustio
921 2191 1042 2256 durius
1061 2192 1218 2278 videtur,
1238 2195 1334 2275 quod
1353 2193 1441 2257 alibi
1459 2193 1562 2257 aliter
1580 2191 1680 2255 loeu-

267 2303 323 2360 tus
339 2304 451 2360 est-
465 2296 524 2359 cfr.
544 2299 613 2359 Cat.
630 2317 678 2366 ιο.
691 2299 743 2367 38.
762 2317 866 2382 supra
884 2314 936 2374 41.
963 2306 997 2389 et
1016 2278 1178 2383 inprimis
1196 2317 1247 2381 72.
1276 2298 1333 2364 ita
1343 2291 1681 2390 sor-midine.qu

268 2397 435 2466 uecordia
456 2396 652 2491 exagitari.
673 2401 751 2487 (qui
770 2404 867 2484 locus
885 2403 969 2468 ideo
987 2401 1206 2488 potissimum
1226 2407 1405 2488 notandus,
1425 2405 1521 2486 quod
1530 2403 1570 2466 in
1590 2402 1682 2481 ejde-

266 2507 364 2589 modi
379 2504 540 2570 formulis
558 2507 626 2574 Sal.
647 2509 746 2571 haud
757 2507 858 2573 facile
867 2508 973 2573 rerba
984 2509 1261 2592 mutuo—haud
1272 2509 1505 2578 dubie'lectio:
1504 2501 1676 2598 formido

267 2609 376 2696 quasi
392 2610 575 2680 vecordia.
595 2612 696 2678 alteri
708 2594 853 2678 lectioni
868 2613 1098 2700 preferenda
1118 2635 1197 2678 cum
1211 2615 1305 2680 enim
1321 2622 1434 2678 tantus
1452 2621 1565 2679 terror
1577 2619 1684 2696 esset,¹

264 2717 455 2787 tormidine
480 2728 611 2786 mentes
629 2721 857 2785 Numidarum
873 2727 979 2806 captae
992 2728 1081 2784 sunt.
1093 2721 1305 2786 eontrarium
1317 2721 1432 2784 minus
1446 2728 1524 2805 apte
1534 2719 1682 2784 dictum.

348 2827 428 2910 (lap.
450 2829 489 2896 G.
511 2822 592 2890 dein
612 2822 778 2908 Mariua,
806 2825 868 2888 uti
884 2833 1072 2910 coeperat,
1102 2821 1141 2888 in
1163 2825 1335 2892 hiberna:
1368 2825 1409 2888 in
1433 2828 1499 2889 hac
1526 2823 1683 2888 tectione
1779 2851 1781 2856 ·

266 2929 411 3015 plurimi
429 2929 515 2993 libri
535 2931 762 2996 consentiunt.
782 2928 885 3014 pauci
899 2923 1109 3017 profectus,
1128 2926 1181 3014 it,
1200 2931 1255 2996 vel
1270 2924 1524 3015 proficiscitur
1534 2930 1676 2992 addunt.

268 3036 332 3101 alii
347 3057 442 3120 quae
461 3035 635 3100 omittunt.
657 3033 812 3099 dubitari
831 3033 940 3120 igitur
958 3053 1031 3096 non
1051 3040 1180 3118 potest,
1198 3015 1286 3117 quin
1304 3037 1372 3098 hoo
1392 3034 1470 3097 loeo
1491 3033 1635 3098 verbum
1656 3051 1677 3094 a

266 3142 418 3206 Salustio
438 3141 602 3204 omissum
622 3140 677 3205 ait.
697 3140 889 3204 deutumoe
908 3130 1051 3221 antique
1072 3137 1202 3200 dictum
1218 3158 1282 3222 pro
1297 3138 1456 3202 dextros.
1475 3137 1556 3202 vide
1567 3138 1681 3202 Varro.

267 3250 360 3334 apud
380 3248 601 3328 Non.a.198.
623 3231 821 3311 dextimain
843 3247 936 3309 viam
957 3239 1111 3310 munire.
1131 3242 1192 3309 cfr.
1211 3245 1334 3309 Festa.
1348 3263 1382 3307 v.
1401 3237 1620 3316 „dextimum
1642 3251 1677 3308 et

264 3351 485 3418 sinistimum
507 3351 645 3436 antiqui
661 3351 854 3416 dixerunt.»
872 3370 973 3416 voces
993 3370 1034 3418 ex
1054 3369 1225 3436 augurum
1243 3349 1344 3413 libris
1363 3349 1487 3434 petitas
1496 3355 1590 3434 puto.
1613 3368 1679 3410 ou·

265 3459 387 3526 rabat.
408 3477 577 3545 praeesse,
596 3457 830 3544 prepositum,
849 3455 1049 3541 praefectum
1069 3474 1150 3520 esee.
1165 3453 1246 3521 ride
1255 3459 1299 3520 ad
1313 3459 1385 3519 Cat.
1398 3457 1447 3536 59.
1468 3462 1612 3537 utsupra
1624 3455 1681 3529 46.

267 3561 377 3648 qumi
394 3567 499 3630 nullo
520 3559 703 3647 imposito.
720 3561 802 3626 ride
819 3564 890 3624 Cat.
904 3564 955 3630 51.
975 3557 1263 3628 Lacedaemonii
1280 3556 1441 3650 triginta
1454 3554 1677 3641 viroaimpo·
1763 3551 1766 3556 ’

265 3690 378 3734 suere.
411 3665 520 3752 quari
537 3689 616 3732 oum
640 3666 744 3730 ablat.
770 3666 945 3751 absoluto,
969 3673 1138 3730 structura
1153 3666 1289 3730 Graeeaa
1312 3657 1412 3762 imp
1436 3662 1558 3748 uiderat
1584 3659 1682 3736 alluit.-

265 3769 455 3859 ipu'lrniloc.
476 3768 658 3840 merentia.
674 3791 742 3836 vox
752 3771 888 3852 media3
898 3769 1045 3853 seilicet,
1068 3787 1144 3853 quae
1158 3769 1303 3853 quisque
1319 3776 1503 3846 meruerat,
1525 3784 1565 3828 ea
1582 3764 1674 3831 dioe-

266 3897 313 3942 re.
335 3878 498 3968 cogebat.
531 3878 663 3947 scilieet
696 3885 883 3942 armatum
912 3873 1165 3957 intentumque
1197 3894 1272 3939 erse
1301 3879 1412 3954 atque
1439 3867 1511 3936 iter
1528 3863 1672 3960 facere.

269 3984 342 4048 haec
362 4004 465 4066 quam
487 3984 636 4050 maxime
657 3986 809 4049 notanda
829 3979 1048 4072 eoustmotio.
1067 3999 1143 4065 quae
1159 3977 1301 4059 quidem
1319 3985 1358 4039 ut
1378 3977 1484 4039 Codd
1505 3995 1672 4040 consensu

266 4089 347 4154 satis
367 4089 584 4175 defenditur,
613 4089 663 4153 ita
681 4108 785 4172 quam
806 4087 953 4150 maxime
972 4091 1024 4150 est
1043 4082 1194 4149 insolita.
1220 4084 1315 4165 quod
1336 4081 1429 4146 enim
1450 4079 1518 4144 alii
1533 4081 1675 4168 dicum,

266 4201 378 4278 utque
398 4195 513 4279 etiam,
534 4215 612 4258 eum
633 4216 741 4278 quam
763 4191 944 4279 significet,
963 4190 1082 4254 eadem
1104 4198 1257 4274 tempora
1278 4191 1466 4269 modosque
1486 4187 1674 4275 conjunge.
1696 4274 1701 4286 1

264 4297 319 4383 ἰ’θ,
352 4317 394 4364 ee
420 4306 553 4366 tantum
580 4293 626 4362 ¹ad
656 4303 751 4362 huno
783 4298 898 4372 lorum
932 4295 1173 4382 explicandum
1204 4295 1322 4380 regula
1354 4295 1397 4356 ub
1429 4293 1500 4354 illis
1531 4291 1675 4361 inventa

265 4411 300 4471 et
332 4423 400 4491 per
425 4425 462 4474 se
494 4404 576 4472 eatis
609 4405 746 4470 infirma
773 4413 831 4469 est.
869 4405 929 4468 sed
949 4404 1073 4467 Graecae
1093 4399 1270 4488 particulae
1294 4391 1436 4501 irroget,
1462 4399 1570 4476 isauri
1590 4431 1674 4482 cum
