4106 4974
399 393 473 470 tio

394 585 430 653 εἰ·
437 629 448 672 ,
469 585 564 669 qaod
582 577 752 668 pessimus
770 577 879 644 Cottii
899 577 996 643 liber·
1015 577 1156 665 omisit,
1175 579 1402 646 verissimum.
1444 579 1512 646 hoo
1525 581 1629 648 'enim
1646 583 1800 670 omisso,

394 692 579 760 durissima
597 689 636 753 lit
661 695 842 753 strnotura.
879 679 1103 768 impellitque,
1131 685 1235 750 etiam
1264 687 1355 754 hano
1373 693 1494 754 sonem
1514 687 1676 754 omnibus
1695 689 1797 756 libris

393 799 513 865 insilis
540 803 628 863 cort.
653 793 791 860 delevit.
802 793 864 858 sed
884 793 980 874 quod
999 791 1104 855 multi
1124 791 1159 858 ei
1170 791 1268 856 laudi
1282 793 1457 877 tribuunt,
1477 792 1568 858 mibi
1581 793 1730 862 maxime
1745 803 1799 862 te·

393 905 579 970 mererium
598 919 671 965 esse
688 893 837 964 uidetur.
879 895 1121 961 adulterinas.
1146 901 1271 963 eodem
1296 917 1398 964 sensu
1417 901 1511 984 spnd
1530 899 1731 968 Ciceronem
1750 904 1796 966 de

393 997 461 1078 Off.
481 1015 512 1074 3.
530 1014 580 1076 53.
603 999 744 1070 nummi
761 999 965 1067 adulterini
984 1001 1155 1066 dicantur.
1177 998 1325 1090 aorfieit
1346 1005 1441 1073 Eich.
1453 1027 1565 1088 quum
1580 1041 1624 1058 -
1637 1002 1796 1074 r‘nterim.¹

393 1116 504 1181 rarius
532 1117 605 1178 hec
629 1110 814 1189 conjuncta
840 1106 1024 1193 inveneris,
1051 1107 1163 1174 multo
1183 1109 1341 1174 usitatius
1361 1130 1443 1175 oum
1462 1105 1606 1195 subito,
1637 1131 1719 1176 aum
1739 1132 1795 1176 rs-

386 1228 507 1307 pente.
525 1232 567 1272 -’
587 1212 751 1281 mulieris
772 1215 941 1278 ancittae.
962 1216 1006 1278 de
1024 1215 1090 1277 hae
1109 1215 1259 1280 lectione
1288 1213 1349 1282 etr.
1369 1213 1537 1299 Quinctil.
1552 1216 1635 1279 Inst.
1649 1217 1749 1280 Rhet.
1761 1235 1795 1297 qt

391 1344 420 1406 4.
435 1328 571 1393 etServ.
591 1323 735 1387 adden.
752 1341 780 1382 1.
799 1335 869 1400 409.
889 1318 1019 1382 similia
1039 1321 1194 1405 exempla
1212 1323 1303 1386 Cort.
1323 1318 1487 1385 laudavit.
1505 1319 1625 1405 Quinta
1639 1341 1669 1400 9.
1680 1325 1711 1384 3.
1730 1320 1794 1385 Ιιο·

389 1430 458 1496 stis
478 1431 598 1497 homo.
622 1423 993 1508 comtemnendam
1012 1442 1042 1489 a.
1071 1433 1200 1490 ventus
1219 1421 1358 1510 aquilo.
1377 1443 1481 1510 supra
1494 1424 1593 1490 catil.
1608 1427 1657 1489 38.
1675 1419 1796 1491 homi.

391 1555 456 1601 nes
475 1536 727 1600 adoletoentes.
750 1527 839 1604 Gell.
859 1531 889 1597 8.
908 1549 955 1592 ιι.
982 1525 1147 1599 homines
1163 1525 1266 1620 Afri.
1281 1533 1419 1598 Terent.
1437 1530 1543 1594 Andr.
1555 1548 1585 1607 4.
1598 1545 1629 1606 4.
1647 1533 1693 1594 ι6.
1713 1549 1793 1594 mu·

390 1635 460 1705 lier
479 1633 663 1704 mes-stria
683 1634 772 1698 adde
782 1637 917 1698 Terent
931 1636 1072 1702 Phorm.
1087 1653 1118 1709 a.
1140 1657 1167 1699 ι.
1186 1637 1237 1698 ts.
1261 1656 1401 1702 servum
1420 1629 1610 1700 homiaem.

471 1747 552 1828 Gap.
572 1745 664 1806 XIII.
684 1737 828 1806 invasit.
846 1743 932 1807 Ven.
946 1743 977 1804 3.
995 1735 1037 1804 in
1058 1741 1150 1804 duas
1169 1737 1359 1805 discedunt
1373 1734 1499 1822 partis
1512 1732 1701 1804 Numidae.
1715 1740 1794 1808 Vnt.

391 1855 421 1914 5.
451 1849 561 1914 simili
588 1847 747 1911 lectionis
769 1845 932 1910 varietate
951 1846 1112 1909 induotus
1135 1845 1271 1910 (lortius
1295 1842 1479 1912 Numidae
1499 1840 1677 1928 expunxit,
1696 1845 1794 1925 quod

391 1945 550 2022 omlttere
578 1952 720 2035 quidem
741 1948 862 2025 licuit,
883 1947 914 2012 si
933 1947 972 2012 id
991 1949 1152 2033 scriptori
1175 1949 1295 2016 luisset
1315 1949 1550 2034 propositum,
1570 1957 1609 2012 ut
1627 1947 1796 2032 paucissi-

390 2047 462 2126 mis
479 2059 598 2125 omnla
613 2058 814 2122 absolveret.
845 2057 906 2120 sed
925 2049 1110 2120 Numidae
1125 2055 1193 2119 hoo
1210 2055 1289 2122 loon
1301 2056 1475 2132 additum,
1487 2061 1526 2120 ut
1541 2053 1595 2119 vis
1616 2053 1793 2122 sententiae

390 2173 583 2253 augeretur.
616 2161 711 2228 bello
730 2155 908 2226 meliores.
927 2157 1008 2224 vide
1026 2177 1131 2244 supra
1149 2179 1222 2245 cap.
1244 2181 1275 2242 7.
1292 2159 1409 2226 donus
1428 2155 1594 2226 coasilio.
1611 2167 1646 2224 et
1662 2179 1711 2240 ²7·
1733 2157 1795 2224 bo-

390 2263 607 2354 nuspecori.
635 2265 711 2330 Lis.
724 2270 754 2329 3.
774 2289 802 2327 s.
833 2259 1106 2329 incursionibus
1121 2259 1424 2330 meliorarent.
1444 2271 1529 2331 uter
1549 2262 1642 2330 bello
1663 2259 1795 2331 melias·

389 2377 450 2440 sit.
468 2376 519 2438 tt.
537 2373 585 2436 16.
604 2374 713 2460 longe
732 2363 865 2453 optimi
879 2367 982 2434 bello.
999 2370 1079 2434 Tae.
1095 2373 1185 2435 Ann.
1205 2388 1234 2433 ι.
1251 2371 1300 2437 ι6.
1323 2367 1438 2436 banus
1453 2363 1600 2435 militia.
1618 2371 1711 2434 unde
1723 2387 1796 2434 reo-

389 2490 424 2547 te
445 2481 588 2564 colligas
608 2483 739 2541 sextum
751 2495 866 2538 casum
888 2473 981 2540 bello
1004 2492 1086 2540 esse.
1105 2475 1226 2540 Horat.
1244 2477 1329 2560 Epp.
1350 2500 1377 2540 ι.
1398 2495 1444 2541 ιο.
1462 2481 1512 2551 34.
1543 2495 1672 2564 pugna
1692 2469 1794 2540 meli.

392 2603 447 2652 or.
466 2583 571 2648 etiarn
588 2583 744 2644 Graecum
758 2581 831 2645 haro
852 2579 988 2643 firmare
1012 2579 1152 2643 videtur
1171 2601 1181 2642 ι
1209 2577 1343 2666 'spatie
1355 2575 1394 2653 lai
1411 2577 1561 2666 meipsa.
1590 2579 1653 2644 ubi
1675 2579 1794 2646 tertius

392 2695 488 2753 nasus
508 2685 689 2766 adtunctus
709 2692 777 2766 est,
797 2681 1003 2768 significatio
1023 2683 1144 2747 variat.
1157 2684 1313 2767 partim,
1330 2681 1439 2754 alius.
1458 2684 1497 2750 in
1519 2683 1684 2770 oppositu
1701 2682 1792 2748 vari

389 2814 449 2861 are
459 2789 651 2858 orationem
666 2787 815 2854 Salustio
833 2790 998 2857 solemne.
1028 2790 1217 2854 voluntate
1236 2787 1260 2855 i.
1277 2807 1307 2854 e.
1327 2799 1459 2875 sponte.
1480 2790 1540 2855 cfr.
1552 2792 1628 2856 Ter.
1644 2789 1793 2874 anetph.

390 2909 421 2976 t.
441 2901 469 2966 ⁵.
485 2913 535 2977 44.
542 2897 659 2985 fidem
680 2903 833 2961 vestram
855 2893 1053 2979 implorat,
1073 2893 1175 2976 quod
1192 2913 1252 2961 vos
1265 2891 1335 2986 jus
1354 2892 1470 2984 cogit,
1490 2892 1532 2960 id
1541 2896 1729 2960 voluntate
1749 2899 1794 2956 ut

391 3000 565 3089 impetret.
578 3003 652 3066 Lis.
671 3021 725 3086 as,
744 3004 803 3086 573
823 3019 926 3077 «eam
939 3018 1078 3082 quoque
1096 3005 1244 3086 gentem,
1260 2998 1348 3066 siant
1359 3001 1479 3068 Gallos
1495 3001 1706 3087 Liguresque
1725 3004 1793 3064 aut

391 3105 425 3172 vi
444 3117 511 3171 aut
531 3110 720 3175 voluntate
732 3105 987 3186 adjuncturus?
1008 3105 1055 3170 id.
1074 3106 1225 3191 Epium.
1242 3113 1373 3184 ,totam
1393 3106 1632 3172 Macedoniam
1652 3111 1720 3170 aut
1734 3124 1794 3172 vo·

390 3215 536 3276 latitate
555 3211 794 3294 incolentium,
814 3219 882 3275 aut
904 3209 1020 3275 armis
1038 3213 1248 3297 occupaviti'
1267 3213 1349 3278 vide
1361 3212 1469 3277 infra:
1476 3206 1664 3300 finitimos
1678 3205 1792 3276 armas

389 3323 459 3381 aut
478 3325 577 3382 metu
596 3316 661 3380 sub
683 3311 874 3400 imperium
894 3333 1001 3378 saum
1022 3337 1160 3405 eogere,
1183 3319 1274 3397 e189.
1289 3313 1431 3400 partim
1450 3314 1508 3394 vi,
1527 3309 1607 3380 alia
1616 3323 1714 3402 metu
1722 3319 1792 3378 aut

383 3417 556 3502 praemia
589 3422 807 3486 ostentando
839 3429 995 3486 avortere
1024 3422 1068 3485 ab
1102 3423 1291 3488 hostibus.»
1321 3421 1426 3488 etiam
1444 3423 1539 3507 apud
1567 3421 1655 3485 alios
1684 3418 1792 3504 serip-

389 3533 481 3586 tores
507 3523 579 3588 hae
609 3523 816 3614 constructio
841 3525 924 3586 satis
950 3525 1132 3607 frequens,
1163 3529 1223 3589 sed
1252 3527 1301 3588 ita
1327 3535 1366 3592 ut
1391 3527 1537 3592 verbum
1567 3533 1602 3592 et
1622 3524 1792 3590 ablativus

387 3631 433 3693 ad
463 3629 608 3694 eandem
636 3644 819 3712 personam
847 3621 1048 3700 referantur.
1088 3647 1135 3690 ae
1156 3627 1237 3691 dein
1249 3630 1414 3696 Romam.
1453 3631 1530 3703 Vat.
1559 3631 1587 3702 5.
1625 3626 1792 3715 patratis

389 3731 564 3800 consiliis.
583 3732 648 3806 cfr.
670 3733 770 3806 catil.
795 3734 843 3797 td.
863 3735 913 3798 53.
942 3736 993 3798 56.
1014 3734 1107 3818 apud
1128 3733 1280 3799 Ciceron-
1314 3737 1400 3822 lipp.
1419 3739 1487 3803 att.
1509 3759 1537 3804 ι.
1563 3751 1611 3814 ι4.
1637 3742 1793 3820 patrare

384 3837 580 3922 promisso.
600 3842 678 3905 Tae.
705 3839 792 3908 Hist.
813 3857 844 3918 4.
865 3841 916 3903 tt.
955 3836 1088 3930 jussas
1108 3837 1296 3905 sementim
1313 3850 1480 3924 patrare.
1513 3845 1597 3906 Cato
1621 3843 1664 3904 R.
1682 3842 1724 3902 ll.
1740 3841 1788 3916 54.

384 3950 584 4028 postquam
604 3983 646 3998 -
661 3941 889 4028 potiebatur.
911 3947 995 4008 haee
1016 3946 1122 4009 verba
1141 3965 1260 4010 omnes
1278 3949 1384 4011 codd.
1413 3946 1579 4031 retinent,
1609 3944 1679 4010 nisi
1696 3945 1791 4026 quod

387 4053 473 4116 Van.
489 4053 519 4114 3.
554 4045 594 4111 in
616 4046 691 4112 otio
719 4047 943 4131 potiebatur.
973 4050 1047 4114 tac
1070 4049 1255 4116 defendere
1274 4060 1415 4116 conatus
1440 4061 1491 4116 est
1511 4055 1550 4120 V.
1575 4054 1618 4117 D.
1651 4051 1689 4116 in
1706 4048 1791 4114 ntis·

386 4157 465 4229 oell.
484 4157 582 4222 Obss.
604 4149 685 4216 Crit.
705 4152 745 4215 in
763 4156 859 4218 Aust.
882 4155 956 4220 Vel.
980 4163 1015 4220 et
1036 4157 1174 4220 Recent.
1192 4157 1331 4220 Amstel.
1360 4157 1437 4226 Vol.
1456 4160 1513 4226 vt.
1527 4159 1599 4222 ΤΛ.
1616 4173 1647 4220 a.
1668 4179 1701 4240 p.
1714 4155 1788 4220 318.

385 4267 459 4341 ³¹9·
490 4271 525 4328 et
539 4257 696 4328 consilia
712 4268 869 4345 patrata
888 4261 1028 4346 proprIe
1046 4261 1219 4344 pertinere
1235 4263 1280 4324 ad
1301 4279 1341 4326 ea
1361 4262 1465 4348 dixit,
1486 4283 1562 4346 quae
1580 4281 1601 4328 a
1616 4261 1790 4346 Iugurtha

385 4374 468 4432 ante
488 4369 682 4452 peragenda
696 4366 854 4452 luerunt,
881 4387 985 4450 qnam
1003 4366 1113 4452 potiri
1133 4364 1296 4432 Numidia
1316 4375 1440 4454 posset.
1469 4371 1529 4438 sed
1550 4365 1705 4453 quamvis
1725 4365 1790 4431 ille
