4108 4976
402 403 477 502 ²96

404 601 490 670 tior.
509 606 631 668 eodem
644 617 745 666 sensu
757 598 884 664 bebere
891 604 926 664 et
937 597 1121 663 hebescere
1136 595 1273 666 dicitur.
1292 599 1370 662 Tae.
1384 599 1498 664 Germ.
1510 599 1558 664 15.
1567 597 1612 667 H.
1627 619 1656 668 a.
1671 619 1723 682 77.
1743 619 1809 688 op·

401 709 565 797 positum:
582 716 816 772 strenuas-
836 703 923 770 belli
941 707 1133 769 cultorem.
1146 704 1184 768 in
1199 706 1343 768 eandem
1353 702 1557 769 sententiam
1569 701 1807 795 Ciedelcgg.
1831 775 1835 780 ,

406 837 435 880 s.
457 837 486 880 c.
504 817 533 879 b.
567 815 686 879 colere
720 819 757 876 et
791 807 931 894 efficere
969 830 1102 889 marsus
1137 809 1239 874 Ovid.
1268 811 1496 875 Feceniae.
1527 812 1646 906 colere
1681 807 1809 877 militi-

405 944 473 988 am.
495 921 604 984 Plaut.
622 919 726 980 Poen.
739 930 769 993 4.
782 937 811 978 a.
823 937 854 999 7.
876 917 996 981 colere
1008 909 1219 979 servitutem
1241 913 1339 978 dixit.
1359 911 1550 980 eveniebat.
1570 914 1808 999 imperfectum

402 1029 447 1093 ab
468 1035 606 1090 auctore
633 1022 786 1107 positum
815 1041 886 1086 esse
907 1019 1064 1102 videtur,
1091 1021 1186 1102 quod
1216 1038 1354 1116 morem*
1375 1019 1602 1086 Numidarum
1635 1022 1809 1088 describit.

404 1137 491 1198 Nam
508 1149 580 1194 non
598 1129 710 1192 solum
727 1127 917 1212 iugurtha,
933 1128 994 1190 sed
1013 1127 1151 1211 regibus
1169 1125 1340 1189 Numidiae
1357 1123 1561 1210 plerumque
1583 1125 1739 1192 accidere
1755 1145 1809 1192 so-

403 1239 510 1322 lebat,
530 1233 709 1318 utpraelio
728 1231 812 1295 victi
830 1229 1046 1295 abomnibus
1059 1229 1130 1296 lere
1142 1230 1313 1295 militibus
1323 1233 1568 1298 desererentur.
1588 1230 1685 1321 regis
1698 1228 1809 1297 etiam
1861 1279 1866 1286 -

406 1351 496 1407 tum.
517 1342 622 1425 longe
640 1335 784 1422 plurimi
797 1354 838 1399 ex
853 1322 984 1400 Italicis
996 1339 1102 1399 Codd.
1122 1338 1183 1402 sed
1201 1357 1279 1400 cum
1294 1333 1332 1399 in
1351 1337 1477 1400 horum
1488 1337 1673 1401 verborum
1687 1338 1810 1404 ordine

404 1447 491 1512 libri
511 1453 688 1528 tantopere
706 1441 856 1524 varient,
877 1442 1136 1506 concinniorem
1154 1441 1321 1506 orationis
1340 1461 1522 1506 numerum
1540 1462 1618 1505 cum
1637 1443 1810 1527 asperiore

404 1559 538 1617 mutare
564 1548 673 1612 nolui.
703 1543 868 1628 iniquum
896 1555 1090 1612 certamen.
1117 1546 1211 1611 solus
1228 1550 1315 1613 Ven.
1332 1565 1362 1619 a.
1383 1557 1418 1614 et
1435 1549 1526 1613 Med.
1542 1549 1571 1612 5.
1592 1569 1637 1612 m.
1657 1569 1721 1612 see.
1742 1537 1812 1636 irri-

408 1656 542 1722 micum
564 1653 679 1718 ceteri.
698 1671 786 1733 quae
807 1669 911 1734 quam
933 1649 1070 1718 facilen
1088 1650 1243 1714 librariis
1262 1651 1391 1716 mutari
1410 1653 1597 1739 potuerint,
1618 1672 1721 1718 nemo
1739 1673 1810 1718 noo

405 1763 511 1845 videt,
532 1758 679 1824 maxime
695 1777 772 1821 eum
789 1751 926 1820 inicum
942 1776 1008 1841 pro
1025 1753 1191 1840 iniquum
1211 1757 1376 1843 seribere,
1401 1757 1571 1824 usitatum
1582 1758 1695 1823 fuerit.
1717 1761 1812 1823 unde

407 1867 535 1950 aliquis
554 1863 731 1947 conjiciat,
760 1862 851 1926 illud
872 1881 936 1946 pro
958 1863 1099 1948 vulgato
1123 1883 1195 1928 esse
1223 1864 1483 1931 restituendum.
1503 1868 1627 1945 sedne
1647 1863 1812 1948 hocqui-

409 1975 489 2037 dem
501 1967 664 2052 exemplis
675 1976 776 2032 caret.
786 1965 845 2030 cir.
853 1967 921 2030 Cic.
929 1969 1015 2052 Epp.
1029 1972 1059 2031 b.
1070 1969 1099 2030 b.
1120 1966 1312 2054 sententia,
1327 1991 1400 2053 qua
1408 1967 1506 2035 nibil
1511 1967 1603 2035 mibi
1604 1977 1728 2055 potest
1739 1989 1812 2034 esse

409 2072 603 2142 inimicius.
615 2075 711 2160 Virg.
720 2075 803 2136 Aen.
819 2096 846 2135 1.
859 2089 927 2154 127.
940 2069 1245 2157 navesaccipiarst
1255 2071 1442 2140 inimicum
1451 2074 1609 2142 imbrem.
1620 2077 1709 2139 Plin.
1721 2091 1770 2137 so.
1779 2093 1810 2155 9.

405 2179 571 2248 brassica
598 2174 849 2244 inimicissima
877 2176 1080 2244 stomacho.
1104 2185 1139 2244 et
1165 2178 1214 2243 id.
1232 2201 1279 2260 ¹7·
1294 2184 1345 2244 ab.
1374 2179 1556 2246 maritare
1589 2184 1708 2247 almos
1739 2175 1813 2248 arisi

409 2286 548 2352 validas
568 2282 767 2349 inimicum.
799 2285 847 2347 ita
864 2283 968 2349 etiam
987 2286 1079 2368 apud
1101 2283 1237 2348 livium
1256 2287 1305 2348 28.
1320 2301 1368 2367 29.
1395 2283 1578 2351 inimicius
1598 2296 1633 2352 et
1652 2283 1813 2370 iniquius
1937 2355 1940 2362 .
1983 2347 1986 2354 .

397 2391 552 2459 variant.
573 2389 729 2472 quamvis
743 2387 852 2476 igitur
870 2385 1037 2473 iniquum
1057 2398 1229 2454 certamen
1245 2389 1350 2476 longe
1362 2390 1551 2477 elegantius
1559 2393 1613 2478 sit,
1626 2414 1731 2477 quam
1743 2387 1813 2458 ini·

408 2492 560 2578 micum,
581 2504 695 2562 tamen
714 2498 808 2577 quod
829 2494 914 2558 ferri
935 2515 1032 2578 posse
1050 2495 1203 2580 videtur,
1232 2495 1269 2561 id
1290 2496 1461 2584 corrigere
1480 2498 1590 2563 nolui.
1610 2521 1687 2565 aaa
1701 2491 1827 2584 proe-'

409 2595 470 2664 liis
490 2619 605 2680 neque
625 2597 713 2663 acie.
734 2601 830 2666 Eich.
852 2599 1080 2682 naupraelia
1091 2598 1304 2684 nequeacie.
1333 2587 1418 2668 Ven.
1430 2620 1458 2668 a.
1478 2601 1813 2687 aequamentum

407 2705 500 2771 Med.
515 2719 543 2766 a.
564 2704 638 2767 Vct.
655 2719 684 2764 a.
701 2715 732 2779 4.
751 2704 840 2765 Flor.
860 2723 886 2763 1.
917 2703 967 2764 ita
993 2703 1097 2764 ctiam
1118 2705 1181 2768 alii
1201 2705 1383 2790 scriptores
1403 2705 1483 2772 acie
1500 2717 1654 2792 certare,
1688 2695 1813 2774 decer·

408 2831 511 2895 nere,
532 2802 720 2891 dimicare,
736 2828 919 2896 pugnare,
941 2805 1096 2892 vincere,
1117 2805 1331 2899 confligere,
1352 2829 1575 2901 sartagmem,
1594 2814 1812 2904 depugnare.

407 2917 458 2982 ita
472 2915 576 2982 etiam
598 2912 690 2977 infra
710 2933 782 2999 cap.
795 2935 845 2996 97.
867 2933 943 2980 nors
964 2911 1044 2978 acie
1064 2935 1180 2998 neque
1196 2937 1301 2982 more
1313 2915 1463 3002 praelii.
1484 2919 1544 2982 cfr.
1563 2919 1635 2984 Liv.
1649 2941 1686 3006 7,
1704 2939 1755 3002 ²9.
1775 2939 1813 3006 9,

409 3039 459 3100 41.
479 3046 516 3108 7,
537 3038 585 3098 rs.
606 3037 662 3107 44,
679 3025 730 3102 39.
748 3023 804 3102 sb,
823 3037 872 3097 41.
891 3025 945 3105 bo,
967 3039 1013 3101 ¹9·
1031 3021 1087 3105 bb,
1106 3021 1136 3084 8.
1156 3042 1190 3105 9,
1206 3026 1253 3104 39.
1274 3043 1346 3088 uno
1368 3024 1446 3088 loco
1466 3029 1501 3110 5,
1515 3042 1565 3103 4ι.
1594 3026 1655 3090 ubi
1679 3047 1813 3112 prtepo-

408 3126 489 3192 sitio
512 3126 550 3191 ia
571 3129 688 3192 addita
713 3135 779 3210 est,
799 3128 866 3190 hoc
890 3126 1037 3191 consilio
1062 3126 1207 3207 fectum3
1239 3148 1346 3212 quare
1367 3138 1402 3196 et
1428 3120 1536 3195 codd.
1558 3133 1759 3198 auctoritate
1778 3143 1814 3198 et

408 3230 578 3296 constanti
597 3253 662 3296 usu
678 3232 845 3314 loquendi
859 3243 1049 3316 permotus,
1069 3235 1348 3318 praepositionem
1372 3236 1553 3302 delendam
1580 3259 1653 3304 esse
1682 3228 1814 3305 censeo.

409 3343 542 3402 temere
561 3333 704 3401 munita
723 3336 747 3399 i.
760 3355 789 3400 e.
809 3335 908 3400 nullo
920 3337 1068 3404 consilio
1083 3348 1117 3402 et
1130 3339 1273 3405 ratione.
1295 3338 1580 3434 interficijubet.
1594 3347 1678 3411 Ven.
1690 3367 1716 3408 ι.
1737 3349 1813 3413 va.

410 3443 439 3502 5.
460 3459 536 3521 quae
555 3441 659 3504 lectio
676 3445 769 3504 haud
789 3443 894 3506 dubie
912 3443 1104 3529 verissima,
1131 3455 1164 3512 et
1182 3467 1258 3527 quae
1281 3446 1447 3512 facillime
1480 3451 1654 3534 corrumpi
1684 3452 1813 3536 potuit,

408 3542 458 3605 ita
479 3551 517 3606 ut
541 3552 632 3605 recte
656 3543 792 3606 mireris
812 3546 902 3606 hanc
922 3547 1118 3622 lectionem,
1139 3569 1161 3610 a
1182 3553 1343 3615 Putschio
1363 3561 1396 3617 et
1414 3555 1561 3620 Grutero
1580 3555 1691 3620 autin
1711 3557 1813 3631 libris

401 3647 541 3712 cela-mo
559 3643 703 3710 exaratis
722 3643 914 3729 inventam,
934 3653 993 3708 aut
1010 3666 1074 3732 per
1091 3651 1367 3718 emendationem
1387 3669 1575 3746 receptam,
1592 3681 1613 3724 a
1628 3663 1743 3726 cortic
1757 3681 1814 3730 re-

402 3753 528 3831 jectam
548 3753 664 3817 fuisse.
682 3753 743 3815 sed
758 3769 833 3832 qum
852 3749 925 3830 ejus
942 3760 991 3816 est
1009 3753 1118 3816 animi
1135 3755 1349 3846 confidentis,
1367 3762 1416 3826 ita
1426 3764 1578 3843 judicate
1595 3785 1742 3854 ..magna
1753 3787 1813 3835 ve·

283 3857 287 3866 '
333 3949 335 3953 .
407 3875 468 3928 ..ro
484 3859 731 3940 socordiam,
758 3859 852 3938 quod
883 3876 955 3920 non
979 3859 1131 3924 viderint
1154 3861 1357 3947 interpretes
1383 3868 1474 3933 illud
1487 3868 1597 3963 jubet
1621 3893 1693 3938 esse
1721 3875 1813 3960 glos·

322 3988 323 3996 .
408 3979 500 4034 «sam
521 3963 799 4045 asscribendum,
820 3970 860 4024 ut
876 3983 939 4026 nos
956 3983 1047 4026 nunc
1065 3965 1268 4030 edidimus.»
1282 3972 1445 4053 praedae
1462 3997 1546 4046 esse.
1568 3979 1644 4044 Vat.
1662 3999 1689 4043 a.
1704 4001 1814 4064 prae-

409 4065 492 4130 dam
502 4059 604 4152 sore.
625 4068 712 4127 Min.
727 4091 752 4130 2.
769 4063 939 4166 farmido
960 4067 983 4134 i.
995 4089 1023 4132 e.
1044 4079 1161 4134 metus
1181 4072 1420 4140 vehementior
1440 4086 1475 4142 et
1489 4102 1719 4164 permanens.
1746 4085 1814 4148 cic.

408 4171 502 4234 Tusc.
518 4185 547 4244 4.
562 4171 591 4231 8.
613 4165 781 4268 adfatim.
801 4174 874 4234 haec
893 4180 927 4234 ct
944 4173 1014 4236 alia
1043 4176 1205 4242 adverbia
1233 4179 1471 4258 hujuscemodi
1501 4186 1687 4251 Salustium
1717 4210 1813 4255 more

409 4275 560 4354 antiqua
574 4273 776 4360 locutionis,
793 4295 865 4341 non
879 4279 1168 4348 substantivorum
1188 4282 1296 4352 instar
1314 4287 1425 4358 solere
1448 4299 1644 4360 construere
1657 4294 1732 4374 jam
1756 4297 1815 4361 su'·
