4116 4970
1635 415 1678 490 27

358 594 426 657 Sed
448 613 554 680 pergo
572 595 615 657 ad
625 599 775 658 veterum
796 591 1000 658 testimonia.
1027 591 1074 656 Ut
1086 593 1241 660 omittam
1256 598 1479 682 Procopium,
1493 587 1681 652 modolau·

279 699 411 783 datum,
430 698 640 762 salustianos
658 700 777 762 hortos
797 698 962 760 Salariam
982 697 1073 760 inter
1093 707 1126 762 et
1144 703 1316 766 Collinam
1334 711 1468 786 portam
1491 699 1574 761 sitos
1594 695 1681 757 fuis·

277 821 331 887 se,
352 812 492 866 testatur
508 803 659 884 Tacitus,
680 801 741 882 qui
765 801 813 864 ita
831 805 880 864 'de
899 802 1165 868 Vitellianorum
1185 804 1323 869 insidiis
1343 806 1445 890 (hist.
1463 807 1501 878 3,
1523 799 1589 882 tia.)
1619 796 1678 870 ,li

277 913 410 976 tantum
426 907 610 970 contlictati
633 915 728 989 sunt,
749 905 811 986 qui
832 906 897 987 (de
919 904 976 966 ria
989 905 1145 989 Salaria)
1166 908 1204 969 in
1219 919 1350 991 partem
1371 909 1544 972 sinistram
1561 901 1675 983 urbis,

279 1013 323 1074 ad
338 1011 547 1074 salustianos
567 1013 685 1072 hortos
701 1029 763 1092 per
779 1015 921 1092 angusta
942 1016 975 1070 et
989 1007 1123 1070 lubrica
1142 1010 1276 1073 riarum
1288 1016 1448 1076 tlererant
1463 1033 1471 1072 r
1488 1017 1682 1091 superstan-

279 1121 329 1179 tes
346 1115 502 1176 maceriis
528 1117 708 1175 hortorum
729 1111 908 1176 Vitelliani
923 1093 966 1173 ad
985 1130 1097 1173 serum
1118 1133 1226 1194 usque
1240 1115 1332 1178 diem
1352 1116 1438 1178 saxis
1455 1113 1605 1196 pilisque
1624 1133 1683 1175 su·

243 1213 247 1220 ’
278 1219 421 1282 beuntes
442 1218 618 1292 arcebant,
649 1216 814 1280 donecab
836 1214 1018 1297 equitibus,
1041 1214 1103 1295 qui
1124 1227 1224 1299 porta
1245 1219 1379 1281 Collina
1399 1220 1593 1301 irruperant
1615 1217 1683 1279 oir-

279 1320 592 1385 cumrenirentur.’'
625 1322 725 1384 Unde
758 1320 878 1404 colligi
905 1329 1037 1402 potest,
1066 1323 1184 1384 hortos
1207 1322 1346 1384 Salustii
1368 1322 1554 1384 viciniores
1577 1319 1682 1382 luisse

277 1425 416 1488 Salariae
428 1445 531 1507 quam
542 1424 685 1487 Collinae
694 1411 815 1508 portae,
836 1431 874 1485 ut
896 1433 930 1487 et
949 1424 1042 1506 hinc,
1059 1433 1092 1488 et
1108 1427 1201 1506 quod
1221 1426 1408 1510 Procopius
1427 1427 1515 1488 aedes
1534 1423 1682 1507 privatas

278 1529 346 1592 boc
374 1530 452 1592 loco
482 1528 586 1591 fuisse
613 1527 725 1609 dicit,
749 1527 828 1604 jure
854 1526 1105 1612 existimemus,
1121 1532 1209 1599 aedes
1235 1530 1541 1594 circo'Salustiano
1570 1525 1682 1589 conti·

279 1651 378 1718 guas,
398 1635 441 1696 de
464 1633 558 1710 cujus
579 1631 647 1694 situ
668 1630 818 1694 dubitari
837 1651 907 1694 non
925 1639 1051 1716 potest,
1079 1652 1149 1696 non
1172 1637 1215 1696 ad
1235 1635 1406 1698 Collinam
1430 1642 1564 1717 portam
1584 1649 1682 1694 sanc-

280 1745 417 1818 tamque
439 1739 648 1819 Susannam,
667 1739 726 1800 sed
745 1739 789 1797 ad
810 1735 977 1799 Salariam
999 1757 1106 1817 usque
1128 1747 1263 1821 portam
1287 1739 1511 1822 pertinuisse,
1531 1733 1593 1796 ubi
1618 1735 1681 1795 ho·

280 1842 337 1904 die
353 1841 461 1904 vinear
476 1849 574 1923 sunt,
596 1838 750 1922 Croceja,
770 1840 930 1922 Bovillia,
950 1841 1181 1924 ulteriusque,
1211 1843 1429 1904 hortulorum
1455 1839 1580 1903 collem
1601 1855 1679 1898 reru

282 1963 350 2029 sus,
369 1945 565 2028 Ludovisia,
590 1965 693 2026 quam
712 1952 825 2006 tamen
853 1951 886 2007 et
910 1942 1020 2028 ipsam
1041 1946 1084 2007 ab
1102 1944 1157 2008 his
1178 1946 1332 2009 aediliciis
1354 1953 1552 2027 occupatam
1578 1940 1683 2002 fuisse

286 2049 488 2134 putaverim.

362 2155 428 2215 Sed
449 2170 525 2232 quae
550 2150 715 2213 memoria
731 2150 828 2235 vulgi
856 2150 1042 2213 traditione
1058 2159 1188 2214 serrata
1206 2159 1453 2229 auctorumque
1474 2147 1681 2210 testimoniis

282 2255 481 2318 confirmata
491 2264 524 2316 et
537 2252 731 2315 indubitata
746 2272 816 2316 esse
835 2253 992 2337 videtur,
1015 2275 1055 2319 ea
1068 2255 1198 2317 renatis
1206 2252 1478 2335 antiquariorum
1489 2251 1612 2315 studiis
1624 2251 1680 2314 vel

280 2361 324 2422 ab
340 2353 583 2423 effodientibus
605 2355 740 2419 rusticis
762 2357 931 2419 illustrata
953 2365 1012 2422 est.
1048 2357 1302 2421 Abundantiam
1321 2366 1410 2420 certe
1434 2355 1590 2438 pretiosae
1611 2375 1681 2417 ma-

281 2463 375 2526 teriae
401 2460 663 2545 splendorisque
693 2460 749 2524 rel
771 2459 810 2522 in
838 2461 1013 2544 lapidibus
1040 2456 1170 2526 effossis
1202 2482 1322 2526 omnes
1351 2469 1533 2542 testantur,
1554 2459 1615 2540 qui
1638 2461 1682 2523 de

280 2566 377 2628 urbis
401 2569 520 2629 Romae
540 2561 651 2626 ruinis
672 2573 824 2648 egerunt.
845 2566 898 2627 De
917 2565 1078 2648 aedilicio,
1092 2565 1187 2643 cujus
1203 2564 1315 2628 forma
1332 2565 1500 2648 oblonga,
1520 2561 1679 2640 adjectis-

281 2689 349 2750 que
376 2667 568 2753 porticibus
604 2666 642 2729 in
660 2665 762 2729 vinea
783 2685 891 2750 prope
910 2677 1045 2750 portam
1070 2667 1234 2731 Salariam
1258 2668 1399 2732 detectis
1423 2667 1531 2730 fusius
1553 2677 1585 2730 et
1601 2667 1683 2730 satis

282 2775 382 2836 docte
403 2773 473 2857 egit
499 2769 688 2834 Flaminius
703 2773 822 2836 Vacca.
841 2773 956 2835 N.⁰58.
987 2775 1097 2856 Quem
1118 2773 1258 2854 quidem
1275 2772 1409 2854 locum,
1430 2771 1586 2851 quamvis
1598 2771 1684 2832 hor-

284 2885 346 2941 tos
369 2872 522 2938 Salustii
540 2873 715 2938 nominari
734 2874 928 2958 contendit,
956 2884 1070 2939 tamen
1100 2877 1167 2939 hoe
1191 2895 1317 2937 nomen
1341 2876 1384 2934 ab
1410 2872 1683 2953 antiquariorum

281 2979 397 3063 potius
420 2979 578 3042 acumine
608 2998 712 3059 quam
737 2978 834 3063 vulgi
854 2977 1040 3041 traditione
1059 2988 1173 3042 ortum
1191 2996 1263 3042 esse
1278 2977 1423 3040 videtur.
1452 2978 1683 3058 Hermaphro-

283 3081 395 3143 ditum
414 3081 682 3164 Borghesianum
701 3081 779 3161 quis
798 3082 949 3164 ignorat,
970 3081 1008 3142 in
1028 3082 1100 3160 ejus
1115 3081 1263 3144 ecelesiae
1278 3099 1360 3164 agro
1381 3074 1557 3162 effossum,
1579 3097 1683 3159 quam

282 3183 371 3270 grati
382 3183 489 3245 animi
509 3186 750 3246 documentum
763 3183 939 3246 monacbis
961 3184 1140 3247 aedificavit
1157 3185 1271 3268 Scipio
1289 3184 1515 3272 Borghesiusi’
1536 3185 1575 3246 ld
1590 3185 1684 3267 quod

283 3287 387 3352 etiam
402 3289 522 3350 Petrus
534 3287 689 3350 Bartolus
704 3284 858 3350 affirmat.
879 3287 966 3352 Vide
984 3291 1075 3371 apud
1086 3289 1187 3354 Feam
1205 3288 1348 3351 Miscell.
1368 3310 1401 3371 p.
1415 3293 1485 3350 230.
1506 3291 1621 3350 N.⁰32.
1634 3294 1684 3367 3³,
1738 3363 1744 3374 .

283 3393 412 3454 Eodem
430 3400 554 3473 tractu,
575 3393 746 3472 sedportae
755 3393 974 3454 Nomentana
983 3393 1144 3475 propius,
1156 3391 1446 3476 elegantissimum
1456 3393 1621 3475 templum
1636 3391 1685 3454 ef-

282 3493 411 3558 fossum
427 3494 529 3557 fuisse
540 3535 550 3577 ,
561 3493 653 3556 idem
663 3494 817 3554 Bartolus
828 3501 976 3556 testatur.
995 3494 1137 3558 Veneris
1151 3496 1315 3578 templum
1329 3495 1432 3560 fuisse
1443 3497 1607 3579 dixerim,
1627 3495 1683 3558 ni-

284 3599 315 3661 si
342 3598 514 3660 addiderit
545 3606 679 3680 auctor,
709 3595 894 3658 dimidium
916 3597 988 3675 ejus
1018 3598 1138 3684 templi
1166 3597 1204 3662 in
1231 3609 1412 3682 conspectu
1436 3600 1539 3662 fuisse
1561 3609 1593 3663 et
1619 3599 1682 3661 illo

290 3711 443 3784 tempore
479 3702 696 3762 destructum.
729 3701 781 3762 De
808 3700 967 3763 cubiculo
990 3702 1198 3786 anaglyphis
1212 3711 1308 3765 terrae
1329 3713 1430 3766 cocta
1444 3703 1584 3764 inducto
1604 3709 1684 3766 ante

286 3805 428 3870 Veneris
449 3805 615 3887 templum
629 3803 844 3890 Quirinalem
864 3812 1015 3866 montem
1039 3824 1155 3867 versus
1173 3805 1348 3888 prioribus
1369 3806 1468 3868 annis
1489 3800 1610 3868 effosso
1627 3825 1685 3869 ex-

286 3909 387 3992 ponit
401 3909 587 3972 Ficoronus
608 3905 781 3992 (Vestigie
801 3905 838 3968 di
857 3909 984 3970 Roma.
997 3930 1032 3992 p.
1049 3905 1134 3989 229.)
1164 3909 1231 3971 Sed
1254 3909 1388 3972 omissis
1408 3909 1483 3972 istis
1501 3909 1684 3993 omnibus,

288 4033 435 4095 quorum
454 4014 557 4076 situm
572 4012 678 4075 bodie
696 4011 840 4074 definire
862 4011 920 4073 rix
941 4012 1065 4095 possis,
1084 4011 1162 4094 quis
1175 4013 1455 4095 pretereuntium
1470 4033 1489 4074 a
1504 4015 1684 4075 hortorum

289 4115 503 4181 convallibus
525 4138 596 4180 non
620 4115 811 4180 observarit
840 4114 923 4198 circi
950 4115 1089 4179 Salustii
1120 4115 1295 4201 formam,
1322 4117 1477 4200 quamvis
1506 4133 1683 4182 murorum

1178 4243 1204 4299 ’k
