4106 4974
1575 393 1667 514 Ι355

261 609 374 678 hamt.
407 597 574 670 sustinet.
594 601 662 665 hoc
682 615 724 664 ex
744 611 903 662 sermone
923 592 1058 681 vulgari
1077 589 1245 677 petitum
1273 586 1334 653 cir.
1348 587 1458 653 Plaut.
1471 589 1562 656 Pmn.
1581 589 1671 675 prol.

219 719 223 724 '
260 733 306 776 vt.
322 730 375 792 90·
400 709 528 790 homo,
550 711 729 790 quantum
748 698 937 768 hominum
954 702 1056 765 ter'ro
1070 692 1244 780 sustinet,
1262 688 1546 759 sacerrimum·
1557 703 1669 778 atque

262 813 430 884 amicum.
445 812 739 884 itesorihendnm
763 809 856 890 apud
863 806 1021 871 contium
1043 810 1078 869 et
1096 799 1312 889 negligentia
1331 799 1555 864 librariorum
1574 798 1671 884 posi-

261 929 336 987 tum
357 939 428 986 eme
447 918 602 1002 ridetur„
618 908 752 1001 populi
772 905 944 978 Romani.
978 912 1069 974 hene
1089 907 1276 974 lectionem
1294 904 1400 989 longe
1420 902 1571 987 plurimi
1583 903 1671 970 libri

264 1033 423 1110 mentor,
442 1033 477 1089 et
493 1022 664 1112 genitivus
680 1018 797 1084 dativo
826 1015 1060 1103 preferendus
1087 1035 1166 1080 oum
1182 1011 1261 1078 aliis
1278 1009 1461 1094 decausis,
1480 1017 1554 1074 tum
1567 1009 1672 1096 proph

264 1140 318 1200 ter
337 1128 516 1214 sequentia
535 1147 649 1216 regno
658 1118 913 1216 fortunisque.
932 1159 975 1176 --
1000 1119 1239 1206 expulit:·hoc
1258 1119 1351 1218 apnd
1371 1115 1571 1182 Ciceronem
1592 1136 1669 1224 enm

265 1231 397 1327 ejicere
410 1234 587 1316 junctum,
611 1250 676 1318 pro
696 1228 814 1315 Quint.
833 1249 863 1309 7.
886 1223 1059 1310 quoniam
1080 1225 1104 1289 i.
1126 1244 1155 1291 e.
1175 1223 1467 1306 quondoquidem.
1488 1242 1675 1306 meorum,

265 1344 360 1426 qnod
379 1339 418 1404 in
438 1357 509 1403 uno
529 1339 622 1401 libro
642 1339 735 1421 opud
749 1332 915 1416 contium,
936 1331 1052 1396 nescio
1073 1349 1164 1415 quo,
1184 1328 1349 1394 omissum
1362 1336 1427 1414 est,
1448 1329 1510 1394 ille
1522 1346 1563 1392 ex
1574 1345 1672 1392 more

269 1436 406 1504 delevit.
427 1439 487 1500 sed
507 1453 628 1520 perum
644 1431 791 1518 curavit,-
805 1440 872 1502 hoo
891 1439 970 1502 loco
988 1435 1136 1502 oonsilio
1151 1435 1307 1499 additum
1327 1454 1414 1518 esse,
1433 1431 1673 1497 utocenmtiue

265 1540 420 1612 hominio
437 1539 519 1605 vani
535 1537 716 1625 ingenium
732 1543 952 1628 exprimeret,
974 1541 1143 1621 majorum
1160 1541 1272 1627 glorie
1295 1539 1536 1626 superbientis.
1574 1559 1630 1605 me
1649 1559 1673 1604 a

267 1641 374 1714 vobin
394 1666 451 1711 me
474 1665 541 1710 om.
560 1643 635 1710 vat.
651 1665 681 1710 n
702 1653 737 1711 et
755 1650 830 1714 Vet.
848 1663 879 1725 4.
910 1649 1077 1712 accedunt
1099 1647 1264 1711 nonnulli
1280 1646 1391 1711 Cortii
1409 1645 1513 1722 libri;
1531 1644 1570 1708 in
1594 1641 1674 1708 aliie

267 1775 293 1817 a
313 1746 409 1817 vobis
427 1752 593 1816 omissum
612 1759 673 1819 eet.
704 1771 809 1833 quam
825 1753 872 1816 ob
895 1771 968 1816 rem
990 1751 1127 1815 Cortius
1145 1753 1218 1815 haec
1238 1750 1355 1813 omnia
1370 1748 1557 1828 ejecit.·me
1574 1757 1673 1833 poto-

266 1863 320 1922 ret
343 1855 459 1922 omitti
480 1875 575 1920 more
592 1857 812 1938 Graecorum,
834 1855 961 1937 quibus
985 1856 1157 1941 solemne,
1177 1855 1240 1919 ubi
1260 1863 1294 1919 et
1316 1855 1460 1919 verbum
1481 1853 1624 1918 linitum·
1638 1861 1673 1920 et

266 1979 377 2028 accus.
396 1981 424 2025 e.
442 1958 505 2024 inl.
527 1961 572 2023 ad
596 1962 741 2024 eandem
763 1979 945 2046 personam
962 1959 1171 2044 referentur,
1188 1961 1400 2045 'pronomina
1419 1961 1593 2039 omittere;
1613 1963 1674 2024 sed

268 2091 294 2133 a
310 2061 407 2134 vobis
430 2065 580 2131 retinere
605 2065 844 2130 neceesarium.
874 2086 947 2130 non
973 2065 1067 2130 enim
1086 2067 1154 2129 hoo
1173 2073 1309 2151 exoptat
1327 2067 1415 2129 Adh.
1447 2074 1486 2130 ut
1505 2063 1675 2128 auxilium

268 2172 337 2237 sibi
353 2181 468 2258 petere
488 2169 611 2254 liceat,
630 2173 698 2234 hoo
714 2170 809 2235 enim
833 2151 995 2234 omnibns
1020 2173 1239 2256 concessumj
1258 2173 1319 2234 sed
1340 2179 1378 2233 ut
1390 2171 1470 2250 jure
1486 2174 1637 2254 quodem
1654 2189 1676 2234 e

269 2275 618 2360 Romanishoopetat.
627 2274 731 2340 etiem
741 2274 1150 2363 benficiaoitraomnem
1160 2276 1443 2361 probabilitatem
1453 2276 1677 2347 delevitcort.

270 2386 349 2447 Non
369 2381 483 2446 tolum
500 2381 593 2445 eninr
613 2379 784 2446 librorum
803 2381 1006 2447 auctoritaie
1021 2381 1259 2467 confirmetur,
1279 2381 1339 2447 sed
1353 2382 1457 2448 etiam
1467 2391 1676 2468 propterte·

270 2473 414 2571 quentia'
433 2486 660 2555 necessarium
679 2494 739 2553 est.
770 2493 946 2572 quomodo
969 2489 1063 2554 enim
1083 2490 1160 2555 fieri
1182 2491 1315 2576 potuit‚·
1331 2497 1371 2554 ut
1391 2489 1429 2554 in
1455 2488 1677 2572 sequentibus

271 2585 790 2658 ea-deeideranda-debitis
811 2595 1077 2680 diceretur‚nisi
1087 2594 1337 2660 substantivum
1347 2593 1586 2680 praecessisset,
1607 2609 1678 2676 quo

147 2724 154 2739 ¹
269 2697 502 2765 reserrentur?
520 2699 731 2764 seeundum
748 2698 809 2763 eir.
827 2699 896 2764 Cic.
915 2699 955 2762 in
971 2699 1087 2765 Votin.
1107 2702 1137 2768 6.
1157 2700 1354 2765 seeundum
1372 2721 1414 2765 eo
1433 2717 1580 2783 quaero.
1600 2699 1679 2761 Tne.

270 2805 360 2870 Hiet.
380 2825 408 2865 1.
424 2807 475 2866 52.
495 2803 692 2868 seeundum
713 2797 913 2868 avaritiam
934 2807 971 2866 et
990 2801 1274 2892 arrogantiam,
1293 2799 1530 2868 contumacia
1543 2801 1670 2865 Gallo-

272 2927 359 2972 rum
382 2903 536 2970 irritati.
556 2943 599 2960 -·
613 2901 789 2989 probitas
811 2913 875 2970 est.
903 2914 956 2970 est
976 2907 1147 2970 omilin.
1167 2925 1196 2976 2.
1218 2907 1330 2992 probo
1348 2915 1381 2971 et
1398 2914 1539 2990 propter
1550 2903 1678 2968 oratio·

272 3013 327 3078 nie
343 3031 544 3094 nnmerum,
564 3019 598 3075 et
615 3010 698 3092 quie
722 3018 864 3096 propter
878 3030 1024 3094 sequent
1033 3007 1119 3101 suit
1135 3014 1279 3077 verbum
1299 3015 1335 3076 h.
1361 3013 1386 3086 l,
1404 3007 1680 3076 commodissime

272 3115 454 3180 omittitur.
484 3111 744 3180 misser-rimam
766 3115 789 3178 i.
810 3133 839 3182 e.
858 3115 1148 3179 molestissimum.
1171 3116 1241 3180 Cio.
1258 3119 1302 3180 de
1320 3115 1395 3188 Fin,
1422 3117 1451 3188 ⁵.
1473 3115 1522 3180 28.
1543 3116 1677 3181 bonum

272 3218 395 3304 liberi,
415 3217 548 3285 misera
567 3214 725 3302 orbitae,
746 3217 879 3284 bonum
895 3213 1043 3305 patria,
1064 3218 1234 3285 miserum
1254 3216 1433 3287 exsilium.
1456 3220 1494 3284 id
1513 3222 1586 3284 Cet.
1600 3237 1632 3296 43
1649 3221 1678 3283 6.

273 3321 365 3390 milui
378 3322 653 3406 videntur-‚leaeo
673 3317 817 3388 misera.
831 3357 874 3376 —
903 3343 1096 3410 pronomen
1116 3326 1248 3413 igitur,
1274 3327 1368 3409 quod
1389 3327 1428 3390 in
1448 3325 1611 3390 omnihus
1630 3331 1683 3390 eet

271 3430 389 3516 libris,
410 3437 544 3494 tantum
564 3430 675 3512 abest,
695 3434 733 3491 ut
753 3427 984 3494 omittendum
1004 3431 1065 3514 sit,
1085 3441 1125 3494 nt
1141 3431 1258 3517 potius
1276 3432 1357 3496 ideo
1376 3431 1597 3496 retinendum
1617 3431 1681 3518 eit,
1795 3517 1801 3522 ι

273 3540 368 3620 quod
396 3533 567 3600 miserum
594 3533 705 3598 multo
733 3535 855 3618 sepius
882 3536 958 3600 eine
986 3556 1065 3600 casu
1094 3537 1255 3624 ponitur,
1282 3557 1396 3620 neque
1415 3537 1560 3602 librario
1581 3533 1682 3602 docte

271 3645 346 3709 hec
366 3638 562 3708 emendatio
584 3639 693 3704 tribui
713 3658 811 3724 poete
830 3639 978 3704 videtur.
1007 3650 1062 3706 eet
1081 3653 1223 3729 propter
1241 3660 1388 3726 sequens
1407 3664 1481 3706 eme
1496 3643 1599 3706 etiam
1614 3643 1683 3706 hoe

273 3747 353 3812 loco
371 3746 521 3814 libenter
541 3745 748 3829 deleverim,
766 3747 827 3809 sed
847 3745 932 3808 libri
953 3745 1044 3809 nihil
1063 3749 1314 3826 adjuvantem
1333 3753 1441 3830 sunt,
1467 3750 1562 3827 quod
1590 3748 1682 3811 Cort.

273 3851 344 3917 lide
363 3852 441 3938 Vin.
456 3869 486 3914 α.
507 3850 653 3934 delevit,
670 3849 787 3914 omitti
808 3865 880 3912 non
900 3857 1022 3934 potest.
1045 3833 1221 3914 instituit.
1241 3850 1302 3917 cfr.
1323 3850 1394 3912 Cet.
1415 3852 1464 3912 56.
1477 3852 1640 3934 petenda
1658 3853 1682 3923 i.

276 3977 306 4028 o.
326 3959 528 4042 appetendo.
552 3945 612 4020 cin
633 3961 704 4022 Cat.
726 3971 775 4017 nt.
791 3957 840 4018 ³3.
858 3957 907 4030 ⁵4·
920 3957 1137 4042 progeniem
1158 3955 1181 4023 i.
1201 3975 1229 4020 e.
1248 3955 1407 4040 sanguis,
1427 3975 1550 4041 genus,
1571 3953 1684 4043 filius,

249 4059 342 4139 ‚oin
361 4061 431 4126 Cio.
452 4081 516 4144 pro
537 4059 645 4125 Coelio
669 4075 714 4136 14.
744 4079 801 4122 me
821 4060 999 4142 Nepotem
1019 4057 1268 4126 Meministine.
1289 4061 1395 4126 etiam
1414 4063 1487 4128 haec
1506 4064 1551 4125 ab
1570 4061 1687 4126 aliene

277 4183 382 4233 menn
411 4164 541 4244 adjecta
570 4185 641 4231 esee
663 4164 832 4246 judicavit
852 4163 997 4233 Curtius.
1027 4165 1232 4251 praeiverant
1253 4166 1437 4250 Gruterus,
1458 4166 1686 4254 Bongorsins,

1226 4273 1273 4349 25
