4116 4970
396 379 445 450 68

404 559 549 641 alicujus
579 564 774 647 explorare,
805 562 929 630 elfere
961 560 1000 628 in
1032 564 1158 628 malam
1186 555 1317 648 partem
1338 561 1487 642 dicitur;
1513 560 1661 630 Salualio
1686 559 1793 624 usitat·

401 668 581 734 tissimum.
601 669 707 734 Tacit.
724 669 852 732 Histor.
879 691 905 732 r.
922 686 970 750 74.
988 665 1180 752 promissis
1201 678 1236 730 et
1257 664 1366 730 minis
1385 666 1553 750 adjungit.
1573 663 1694 729 inerat
1710 665 1796 726 Cor·

402 771 471 832 tius
506 781 623 835 contra
652 773 808 835 omnium
825 774 995 836 librorum
1017 773 1254 836 auctoritatem
1279 771 1412 854 omisit,
1444 771 1533 834 infra
1560 789 1631 852 cap.
1660 771 1711 832 53.
1738 786 1798 830 eo·

404 876 483 938 dem
505 879 608 939 modo
627 878 777 960 positum
799 888 858 940 est.
878 879 1025 960 Accedit,
1046 880 1139 958 quod
1161 895 1202 938 eo
1224 877 1350 938 omisso
1371 896 1533 940 numerus
1553 874 1730 938 claudicat.
1752 873 1797 936 P.

405 980 586 1044 Lentulus
609 981 709 1044 Suro.
742 981 908 1043 Patricius
929 1003 969 1045 ex
988 993 1090 1066 gente
1117 979 1303 1042 clarissima
1323 981 1560 1044 Corneliorum
1588 979 1688 1060 (ride
1707 974 1798 1038 intra

406 1101 477 1166 cap.
497 1083 562 1166 55.)
583 1086 643 1165 qui
664 1097 741 1148 octo
762 1087 861 1148 annis
881 1095 959 1149 ante
980 1086 1081 1148 simul
1104 1106 1181 1146 cum
1194 1087 1229 1146 C.
1245 1083 1382 1148 Aufidio
1396 1087 1514 1148 Oreste
1528 1082 1648 1146 consul
1668 1082 1792 1158 sueram

402 1189 463 1249 sed
484 1189 530 1250 ob
551 1190 658 1251 multa
679 1189 808 1272 flagitia
830 1200 948 1250 senatu
970 1199 1082 1251 motus
1102 1189 1226 1251 iterum
1240 1189 1403 1252 Cicerone
1424 1189 1563 1252 consule
1583 1197 1708 1271 praetor
1726 1185 1795 1248 lac·

402 1299 456 1354 tus
474 1303 533 1356 est.
561 1296 604 1356 de
625 1313 666 1354 eo
688 1295 771 1353 Cato
791 1291 881 1352 infra
902 1311 976 1373 cap.
995 1295 1046 1353 52.
1089 1293 1224 1355 Verum
1250 1293 1398 1374 parcite
1425 1289 1602 1380 dignitati
1629 1286 1794 1370 Lentuli,

399 1392 436 1458 εἰ
455 1392 529 1476 ipse
542 1393 763 1479 pudicitior,
783 1393 818 1458 si
835 1391 958 1470 samoe
977 1415 1084 1476 suae,
1109 1393 1144 1457 si
1163 1391 1218 1457 dis
1238 1404 1305 1457 out
1325 1392 1529 1460 hominibus
1549 1415 1710 1478 unquam
1737 1393 1795 1454 ul-

401 1493 435 1560 Ia'
462 1495 636 1579 pepercit.
656 1497 714 1559 cfr.
736 1499 825 1560 Plut.
840 1499 919 1562 vita
932 1497 1115 1560 Ciceronis.
1136 1518 1208 1580 cap.
1223 1519 1271 1577 ¹7·
1291 1500 1352 1561 ubi
1372 1499 1476 1562 etiam
1496 1503 1540 1562 de
1560 1499 1695 1584 origine
1712 1517 1793 1580 cog-

405 1603 557 1664 nominis
584 1602 707 1688 agitur.
739 1601 798 1664 cfr.
817 1605 878 1685 Ep.
893 1603 937 1662 ad
957 1605 1023 1662 Att.
1043 1623 1069 1662 ι.
1089 1603 1138 1669 16.
1170 1602 1237 1664 Cic.
1260 1603 1318 1664 Or.
1335 1605 1372 1666 in
1389 1607 1501 1667 Cat.3.
1519 1608 1548 1667 ⁵.
1572 1607 1615 1667 de
1633 1607 1704 1680 eJ'us
1719 1603 1793 1664 elo-

285 1725 296 1742 ·
403 1705 544 1786 quentia
563 1705 611 1768 ita
633 1707 751 1770 Cicero
766 1711 856 1770 Brut.
874 1707 924 1778 66.
944 1704 1195 1789 «Ειοοςίῑιηάἱ
1214 1714 1246 1768 et
1267 1707 1433 1787 loquendi
1453 1707 1646 1770 tarditatem
1660 1707 1793 1790 tegebat

403 1809 522 1872 forme
540 1811 704 1895 dignitas,
725 1812 877 1894 corporis
891 1820 1002 1874 motus
1020 1811 1143 1893 plenus
1160 1817 1193 1872 et
1208 1809 1291 1872 artis
1308 1819 1341 1872 et
1353 1811 1542 1894 vetustatis,
1561 1812 1655 1874 vocis
1669 1819 1700 1872 et
1714 1829 1791 1873 sue
1813 1831 1817 1838 ·
1875 1885 1879 1894 .

401 1913 486 1976 vitas
504 1925 538 1980 et
556 1917 766 2002 magnitudo.
787 1918 830 1981 P.
845 1911 1055 1982 Autronius
1075 1915 1222 1978 Paetus.
1244 1913 1304 1975 cfr.
1326 1915 1431 1978 Cicer.
1448 1919 1539 1978 Brut.
1558 1917 1608 1978 68.
1628 1916 1690 1978 ubi
1713 1934 1792 1978 ora·

401 2031 456 2083 tor
473 2041 556 2086 voce
583 2032 680 2083 acuta
696 2031 729 2084 et
750 2040 890 2106 magna,
911 2039 974 2082 nec
997 2017 1119 2080 aliare
1135 2017 1208 2080 ulla
1227 2018 1417 2100 probabilis
1441 2021 1577 2084 dieitur.
1605 2023 1664 2082 sed
1680 2021 1789 2082 multo

296 2167 300 2178 ·
398 2128 553 2190 acerbius
574 2131 617 2190 de
636 2127 790 2190 moribus
807 2126 879 2204 ejus
900 2121 1035 2186 disserit
1055 2121 1160 2185 Cicer.
1176 2121 1269 2184 Orat.
1283 2143 1347 2205 pro
1362 2124 1466 2191 Sulla.
1488 2145 1558 2208 cap.
1575 2127 1604 2192 5.
1627 2127 1674 2186 18.
1687 2133 1720 2188 et
1737 2125 1789 2184 25·

396 2271 413 2305 a
426 2237 688 2316 semperaudax,
701 2233 873 2316 petulans,
893 2227 1119 2304 libidinosus,
1139 2246 1242 2307 quem
1262 2226 1301 2289 in
1320 2237 1514 2312 stuprorum
1533 2227 1791 2292 defensionibus

396 2358 467 2400 non
489 2339 599 2400 solum
620 2338 735 2400 verbis
756 2337 805 2398 uti
826 2331 1091 2417 improbissimis
1112 2333 1252 2394 solitum
1281 2352 1352 2396 esse
1376 2332 1521 2416 scimus,
1547 2355 1665 2396 verum
1686 2333 1787 2398 etiam

394 2441 520 2528 pugnis
540 2453 573 2506 et
593 2441 763 2505 calcibus:
793 2459 895 2522 quem
917 2437 1095 2500 exturbare
1121 2435 1280 2500 homines
1307 2456 1326 2500 e
1345 2439 1634 2522 possessionibus,
1661 2441 1786 2504 caedem

393 2548 504 2612 lacere
523 2547 734 2627 vicinorum,
761 2545 908 2626 spoliare
928 2542 1006 2601 fana
1027 2541 1215 2623 sociorum,
1241 2543 1277 2604 vi
1305 2553 1465 2605 conatum
1486 2553 1519 2606 ct
1540 2545 1643 2606 armis
1663 2545 1786 2606 distur-

393 2655 474 2716 bare
484 2651 633 2734 judicia,
655 2647 809 2711 inbonis
830 2647 931 2708 rebus
952 2663 1069 2705 omnes
1090 2653 1326 2728 contemnere,
1355 2647 1392 2708 in
1413 2647 1512 2740 malis
1530 2667 1683 2732 pugnare
1703 2667 1785 2710 con-

393 2765 443 2820 tra
462 2759 586 2840 bonos,
607 2775 678 2818 non
698 2751 896 2836 reipublice
916 2751 1052 2830 cedere,
1073 2766 1144 2808 non
1165 2747 1310 2812 fortunae
1330 2751 1397 2833 ipsi
1416 2751 1669 2815 succumbere.”

402 2889 405 2892 ·
472 2865 514 2928 L.
535 2859 682 2928 Cassius
703 2854 902 2946 Longinus.
924 2853 984 2918 cfr.
1004 2856 1063 2918 Or.
1085 2871 1150 2937 pro
1169 2853 1265 2917 Sulla
1280 2858 1328 2917 rs.
1349 2856 1391 2917 ab
1413 2876 1454 2919 eo
1470 2857 1673 2942 Allobroges
1691 2854 1785 2920 solli·

391 2969 501 3052 titali,
522 2977 559 3031 ut
580 2987 683 3050 quam
706 2964 854 3048 primum
877 2959 1066 3042 equitatum
1087 2961 1125 3022 in
1146 2959 1281 3020 ltaliam
1303 2961 1485 3023 mitterent.
1506 2962 1565 3024 cir.
1586 2962 1652 3023 Cic.
1667 2963 1725 3024 Or.
1745 2962 1782 3025 in

393 3077 461 3136 Cat.
482 3079 511 3136 3.
529 3091 558 3147 a.
578 3073 683 3136 etiam
705 3067 980 3152 procurationem
1000 3067 1224 3130 incendendae
1245 3064 1340 3128 urbis
1368 3065 1435 3128 sibi
1455 3069 1696 3150 depoposcerat
1715 3068 1739 3130 l.
1759 3068 1780 3149 1·

397 3183 426 3238 ὃ.
442 3181 470 3238 6.
491 3176 630 3258 pinguis
651 3183 683 3234 et
703 3175 791 3234 bene
812 3175 927 3232 curati
948 3181 1023 3234 cute
1044 3171 1148 3234 fuisse
1169 3171 1321 3247 videtur3
1357 3190 1463 3252 quare
1477 3173 1595 3234 Cicero
1616 3173 1688 3251 ejus
1707 3173 1782 3237 adi-

391 3301 470 3367 pem
491 3285 743 3344 commemorat.
763 3275 818 3334 l.l.
841 3278 870 3332 3,
892 3293 921 3350 7.
942 3273 1116 3334 Ciceronis
1145 3273 1348 3354 competitor
1367 3275 1403 3336 in
1429 3277 1607 3338 consulatu
1632 3279 1779 3361 petendo

389 3388 509 3449 suerat.
530 3384 589 3446 clr.
609 3385 681 3443 Asc.
691 3379 829 3442 Pedian.
841 3378 970 3438 Comm.
989 3375 1028 3437 in
1051 3375 1203 3438 Ciceron.
1224 3376 1316 3439 Orat.
1338 3375 1377 3437 in
1397 3381 1490 3462 Toga
1510 3383 1777 3464 Cand.p.143.C.

393 3489 570 3575 Cethegus
583 3483 819 3548 consobrimus
839 3484 875 3540 L.
884 3478 1017 3540 Pisonis
1037 3479 1235 3541 Caesonini:
1265 3501 1333 3561 quo
1344 3483 1614 3549 ConsuleCicero
1626 3487 1663 3550 in
1684 3484 1781 3550 exili·

396 3615 455 3659 um
476 3592 549 3654 ivit.
570 3592 613 3652 de
635 3607 676 3650 eo
691 3585 848 3648 clr.Plut.
863 3583 931 3646 vit.
944 3582 1080 3642 Luculli
1099 3602 1169 3664 cap.
1189 3583 1218 3651 6.
1239 3585 1387 3648 Maxima
1408 3589 1479 3666 ejus
1499 3591 1680 3654 auctoritas
1694 3601 1779 3654 tem·

392 3719 475 3784 pore
494 3697 578 3760 belli
600 3688 827 3756 Mithridatici
848 3687 933 3772 suit,
950 3687 999 3751 ita
1019 3695 1057 3748 ut
1073 3689 1404 3776 Lucullo,inprimis,
1414 3697 1507 3774 quod
1516 3697 1701 3780 Cethegum
1709 3695 1777 3758 sibi

389 3803 643 3883 conciliaverat,
662 3798 792 3862 bellum
814 3807 931 3858 contra
953 3792 1187 3857 Mithridatem
1207 3800 1394 3880 gerendum
1415 3801 1688 3885 demandaretur,
1709 3803 1774 3864 Cic.

390 3909 508 3968 Parad.
529 3909 556 3966 5.
574 3907 602 3967 3.
621 3905 809 3986 «Cethego,
829 3898 964 3960 homini
985 3917 1056 3960 non
1076 3901 1334 3984 probatissimo,
1355 3903 1480 3966 servire
1501 3923 1553 3968 res
1573 3907 1681 3989 coegit
1702 3925 1775 3990 eos,

387 4010 447 4093 qui
467 4007 534 4071 sibi
555 4004 756 4088 amplissimi
775 4004 1001 4065 ridebanturs
1029 4003 1163 4065 mittere
1184 4025 1342 4085 munera,
1374 4019 1476 4069 noctu
1495 4009 1612 4072 venire
1633 4012 1773 4086 domum

386 4119 428 4178 ad
460 4133 557 4195 eum,
586 4109 736 4193 precari,
767 4105 915 4184 denique
945 4108 1146 4187 supplicare.
1159 4105 1176 4136 ''
1218 4109 1284 4170 Sed
1304 4111 1476 4173 Ernestius
1503 4115 1569 4174 hoc
1595 4117 1638 4174 ad
1666 4115 1774 4178 alium

386 4223 556 4301 quendam
564 4211 733 4304 pertinere
736 4209 913 4287 judicavit.
934 4208 1025 4272 idem
1047 4209 1188 4274 Metello
1208 4212 1284 4294 Pio,
1302 4234 1380 4276 cum
1399 4215 1435 4278 in
1457 4215 1622 4299 Hispania
1641 4220 1773 4282 bellum
