4106 4974
276 581 394 648 multis
413 581 501 650 locis
519 582 628 648 cortii
650 581 876 648 temeritatem
895 586 988 647 recte
1014 577 1258 667 impugnavit,
1283 585 1400 646 tamen
1418 579 1509 646 banc
1529 583 1680 670 caplim.

218 751 221 761 ,
279 689 410 752 tionem
428 688 518 752 mihi
538 708 611 752 non
630 689 713 754 satis
732 687 938 754 concinnam
956 686 1070 753 rideri
1090 685 1210 750 fateor.
1230 687 1290 750 sed
1297 685 1597 772 imperfectumin
1609 711 1680 773 quo

276 793 433 878 inerunt,
451 790 514 875 qui
528 786 758 877 offenderent,
778 794 867 858 bene
882 791 1004 856 iatine
1018 789 1155 856 dicitur.
1177 789 1238 860 cir.
1253 789 1329 854 Lir.
1344 794 1395 861 la.
1416 796 1465 854 ab.
1482 801 1680 878 postquam

277 919 353 964 uno
363 895 488 964 onim
498 917 622 962 omnes
632 905 668 962 et
675 897 897 964 Macedones
917 903 1095 978 tanquam
1117 891 1516 978 communempatriam
1528 899 1681 964 taelon-

276 1011 351 1066 tur.
370 1003 420 1067 id.
435 1003 486 1066 88.
503 1005 552 1079 48.
576 1009 819 1084 posteaquam
840 1001 965 1065 Gallos
987 996 1185 1066 indomitos
1204 1007 1317 1082 atque
1336 997 1585 1084 implacabiles
1606 1027 1683 1071 cen-

166 1117 169 1122 '
277 1107 414 1173 nedem.
435 1111 548 1178 cetera¹
565 1105 672 1189 ride,
692 1125 738 1170 ne
756 1104 1326 1193 pereregesin'dictaridcantur,
1346 1104 1396 1169 ita
1415 1114 1529 1174 umen
1548 1118 1681 1175 utnon
1768 1093 1772 1102 ⁵

274 1205 491 1298 plane'idem
510 1203 724 1296 significent,
745 1215 839 1293 quod
857 1213 1061 1276 antecedens
1079 1208 1184 1273 ablat.
1199 1210 1307 1274 absol.
1323 1206 1491 1293 patratis
1506 1210 1680 1288 consiliis.

275 1313 407 1382 scilicet
426 1320 471 1380 ad
485 1317 618 1382 cladem
628 1315 817 1381 Adherbali
832 1315 967 1380 illatam
982 1314 1123 1397 ejusque
1140 1312 1257 1400 fugam
1269 1317 1342 1382 haec
1362 1316 1484 1382 reterri
1503 1328 1680 1403 polemon

275 1425 436 1506 quodne
450 1419 527 1504 quis
536 1429 653 1506 putet,
670 1411 849 1506 iugurtha
867 1419 1052 1486 consilium
1072 1418 1195 1493 fuisse,
1214 1422 1282 1486 hoc
1301 1423 1416 1507 addit,
1431 1431 1682 1506 postquam-

270 1524 495 1611 potiebatur.
519 1534 554 1590 et
574 1527 641 1592 tale
660 1525 746 1612 quid
771 1525 816 1590 ab
844 1533 982 1592 auctore
1002 1524 1107 1612 iuuisse
1131 1526 1362 1612 praemissum,
1391 1529 1682 1610 exsequentibus

276 1628 315 1698 in
336 1627 415 1697 otio
434 1639 526 1696 recte
543 1631 698 1719 colligas.
724 1633 798 1698 haec
817 1630 912 1696 enim
929 1650 950 1695 a
967 1631 1133 1715 scriptore
1145 1631 1238 1696 dicta
1251 1629 1375 1717 fuisse,
1394 1632 1463 1698 nisi
1473 1653 1584 1718 pauca
1593 1655 1682 1719 prae·

275 1735 438 1821 misisset,
467 1737 526 1802 rix
545 1736 672 1802 adduci
691 1755 846 1822 possum,
864 1744 904 1800 ut
923 1744 1052 1820 putem.
1082 1755 1237 1817 usquam
1258 1735 1283 1798 i.
1297 1756 1327 1803 e.
1340 1737 1461 1818 ullam,
1475 1757 1536 1804 scu
1552 1739 1591 1802 in
1607 1743 1681 1814 ulla

274 1861 322 1906 re.
343 1843 404 1906 cfr.
423 1845 558 1908 Terent.
570 1842 676 1904 Andr.
694 1859 727 1902 ar
740 1835 766 1904 5.
784 1861 814 1920 9.
835 1859 952 1922 neque
974 1833 1079 1922 istic,
1099 1859 1215 1921 neque
1234 1835 1332 1904 atili,
1345 1835 1416 1904 tibi
1432 1863 1587 1926 usquam
1608 1841 1682 1913 erit

275 1942 315 2010 in
336 1968 393 2010 me
411 1967 529 2016 mora.
552 1946 621 2010 cic.
634 1947 686 2010 de
706 1942 851 2014 Offic-a.
873 1965 901 2008 r.
920 1965 1003 2008 cum
1025 1939 1217 2010 dominatu
1237 1941 1347 2008 unius
1369 1942 1495 2010 omnia
1516 1955 1681 2020 teneren-

275 2047 359 2137 tur),
390 2071 507 2134 neque
527 2033 621 2116 ‘esset
650 2070 804 2138 usquam
836 2044 991 2117 consilio
1012 2056 1080 2112 aut
1101 2044 1328 2112 auctoritati
1347 2052 1515 2120 locutu·
1542 2055 1681 2121 multos

274 2155 431 2224 Romam
452 2151 586 2238 mittit,
616 2152 705 2237 quis.
727 2155 801 2220 Vat.
815 2156 845 2216 6.
868 2147 949 2235 quis
975 2151 1155 2216 confirmat
1185 2151 1290 2216 etiam
1308 2154 1402 2222 Med.
1418 2155 1448 2224 8.
1482 2147 1679 2240 praecipit.

274 2253 380 2324 idem.
412 2261 473 2324 sed
492 2257 728 2342 idquaeritur,
757 2277 841 2321 num
860 2259 937 2325 Vat.
958 2254 1166 2340 sexti,'libri
1189 2255 1272 2320 satis
1293 2257 1400 2342 boni,
1424 2266 1463 2324 et
1483 2261 1679 2348 Struviani,

171 2403 176 2408 -
273 2364 339 2428 ubi
358 2362 519 2448 primitus
539 2365 773 2452 legatornon
793 2361 879 2448 fuit,
900 2361 1083 2428 auctoritas
1099 2369 1169 2424 tam
1183 2379 1309 2448 magna
1322 2361 1385 2447 ait,
1404 2371 1444 2428 ut
1456 2365 1679 2439 hanorocem

274 2469 399 2535 deleas.
419 2471 497 2534 lam
526 2467 699 2532 Struviani
719 2467 865 2550 quidem,
881 2468 983 2553 libri,
1002 2489 1106 2551 quem
1128 2468 1265 2534 Cortius
1285 2470 1423 2556 laudat,
1451 2471 1538 2538 fides
1556 2481 1607 2544 est
1626 2473 1680 2546 le.-

273 2574 413 2638 vissima
437 2584 472 2638 et
491 2573 648 2639 Vaticani
669 2573 905 2640 testimonium
930 2576 1021 2638 hanc
1041 2575 1087 2640 ob
1108 2595 1182 2639 rem
1201 2575 1312 2640 levius
1332 2584 1399 2659 est,
1425 2578 1521 2658 quod
1533 2580 1679 2648 ¹multos

271 2702 337 2767 pro
358 2684 476 2746 multo
496 2679 592 2765 legit.
621 2679 775 2764 accedit,
789 2682 884 2762 quod
903 2679 1115 2744 accusativus
1135 2679 1279 2748 omissus
1297 2682 1333 2748 b.
1345 2680 1372 2745 l.
1392 2681 1515 2748 durior
1534 2701 1606 2748 csse
1625 2681 1680 2749 vi·

272 2791 391 2865 detur3
412 2795 446 2852 et
465 2793 504 2848 ut
523 2783 635 2848 dicem
656 2787 750 2866 quod
770 2785 897 2865 sentio,
917 2785 993 2869 ipsa
1012 2785 1065 2850 rei
1083 2785 1230 2870 gravitas
1248 2786 1417 2868 postulat,
1437 2793 1475 2850 ut
1483 2782 1602 2872 legati
1617 2790 1678 2853 ad·

272 2891 424 2970 jiciatur.
468 2893 556 2952 Nam
589 2890 760 2972 iugurtha
789 2908 862 2952 non
890 2888 1051 2960 homines
1071 2889 1217 2955 obscuro
1244 2891 1323 2954 loco
1351 2895 1474 2973 natos,
1501 2893 1561 2956 sed
1582 2893 1678 2956 baud

273 2995 380 3059 dubie
400 2994 617 3080 gravissimos
634 2991 728 3056 viros
738 2995 885 3056 Romam
904 2991 1010 3060 misit.
1041 3011 1111 3074 quo
1133 2993 1228 3058 enim
1243 2993 1371 3058 nititur
1382 2994 1580 3059 testimonio
1595 2998 1678 3060 Cor-

272 3099 357 3184 tius,
377 3099 416 3162 id
436 3099 548 3182 ipsum
569 3096 855 3171 infirmum-esse,
885 3116 988 3179 supra
1007 3095 1197 3162 docuimus.
1228 3099 1288 3162 sed
1307 3095 1400 3162 inira
1422 3107 1512 3164 certe
1531 3120 1604 3186 cap.
1625 3107 1678 3182 98.

271 3205 480 3271 remurinus
499 3203 644 3268 omissus
665 3210 724 3266 est.
757 3221 871 3283 neque
890 3221 966 3284 quae
986 3200 1158 3286 superiori
1176 3201 1255 3266 loeo
1276 3203 1474 3292 obstabant,
1492 3205 1597 3270 etiam
1617 3207 1676 3274 bie

271 3311 521 3395 impedimento
540 3317 632 3373 sunt.
660 3328 766 3392 quare
785 3311 875 3372 hanc
895 3328 967 3372 rem
986 3308 1035 3372 iu
1056 3307 1172 3374 medio
1192 3307 1399 3390 relinquam.
1420 3309 1586 3392 primum
1605 3305 1677 3378 uti.

247 3425 252 3434 “
271 3417 364 3480 bunc
381 3417 566 3480 vorborum
586 3415 737 3498 positum
757 3406 861 3478 ctiam
882 3413 1043 3478 meliores
1058 3413 1145 3478 libri
1165 3430 1207 3480 en
1226 3414 1356 3480 italicis
1374 3413 1603 3488 confirment.
1629 3437 1676 3484 ne

271 3529 503 3590 cunctentur.
534 3521 687 3584 notanda
705 3520 854 3584 brevitas
873 3517 1058 3602 orationis,
1078 3536 1182 3598 quam
1202 3519 1276 3588 sola
1292 3530 1370 3605 epta
1382 3521 1566 3588 verborum
1580 3542 1677 3588 com-

270 3627 443 3712 positione
474 3635 595 3690 anctor
612 3620 735 3690 effecit.
758 3645 901 3708 por-are
919 3625 1013 3689 enim
1036 3633 1070 3690 et
1087 3645 1166 3692 curu
1181 3623 1329 3709 possint
1347 3635 1381 3693 et
1393 3649 1479 3694 curn
1500 3635 1674 3694 cuncten-

248 3793 253 3801 ,
272 3740 336 3794 tur
351 3732 579 3819 jungendum.
611 3734 671 3795 sed
691 3729 730 3792 in
749 3731 971 3810 sequentibus
991 3731 1070 3795 vide
1091 3729 1209 3820 dortii
1222 3729 1417 3816 levitatem,
1438 3733 1500 3813 qui
1519 3739 1553 3796 et
1572 3749 1673 3800 voces

270 3833 310 3900 in
329 3847 460 3914 senatu
480 3848 514 3902 ct
534 3857 705 3920 munera,
723 3837 818 3917 quod
838 3837 984 3900 alterurn
1001 3835 1040 3898 in
1059 3836 1207 3920 pessimo
1224 3836 1317 3900 libro
1333 3837 1497 3902 omissum
1514 3848 1579 3924 est,
1596 3840 1675 3925 pri·
1698 3825 1702 3830 ⁸

270 3959 331 4008 ora
350 3963 421 4006 noc
442 3943 639 4028 placebant,
659 3943 796 4007 exulare
815 3941 931 4021 iussit3
951 3959 1027 4023 quae
1048 3943 1189 4025 quidem
1203 3943 1406 4022 conjecture
1420 3943 1492 4008 'rrorr
1506 3944 1672 4012 refellen-

269 4047 409 4129 amrin
423 4048 517 4110 enim
526 4051 627 4113 docto
634 4048 710 4112 niro
723 4045 797 4112 haro
807 4047 1032 4132 persuaserit,
1052 4052 1111 4112 sed
1120 4051 1280 4131 notandae
1287 4091 1299 4123 ,
1319 4059 1359 4112 ut
1373 4049 1548 4136 intelligas
1558 4065 1671 4131 quan·

270 4159 348 4215 tum·
362 4150 426 4218 tali
445 4151 564 4218 critico
584 4151 807 4220 tribuendum
827 4151 881 4221 sit.
916 4148 1074 4223 monde.
1100 4153 1181 4222 ride
1198 4173 1302 4244 supra
1315 4161 1391 4221 Cat.
1405 4157 1435 4217 8.
1454 4173 1507 4218 ra.
1524 4151 1670 4238 lubido,
