4116 4970
360 381 386 458 6

358 595 444 642 num
462 579 528 656 est,
549 572 643 653 quod
662 571 851 638 scholiastae
871 569 1010 636 Horatii
1030 589 1108 634 eum
1130 569 1337 634 Nomentani
1356 569 1533 649 cujusdam
1552 589 1671 636 cocum
1689 593 1770 639 cen-

362 678 453 744 tenis
470 675 627 738 millibus
636 676 712 741 aeris
731 680 937 741 conductum
957 676 1117 740 babuisse
1135 684 1283 738 narrant.
1304 675 1349 759 7.)
1372 679 1471 740 Unde
1491 676 1629 761 iactum,
1644 685 1682 740 ut
1702 699 1768 746 aere

360 781 475 846 alieno
499 799 625 865 magno
652 784 816 865 conflato,
837 784 979 845 domum
997 789 1175 865 paternam
1193 779 1272 842 vivo
1291 790 1387 864 patre
1408 785 1556 846 vendere
1581 793 1769 869 cogeretur.

359 888 479 949 Postea
490 885 598 970 ipsius
616 885 788 970 sacrilegii
810 906 886 950 reus
907 893 941 951 et
963 885 1017 948 bis
1038 887 1080 948 ad
1092 884 1250 963 judicum
1292 885 1440 949 ubsellia
1470 896 1646 972 attractus,
1659 898 1767 954 extre-

360 1009 416 1052 ma
443 988 581 1053 fortuna
607 990 738 1054 stetisse
764 992 908 1075 dicitur,
930 999 1068 1056 auctore
1086 993 1207 1054 eodem
1228 990 1292 1052 illo
1315 992 1563 1075 declamatore,
1592 992 1655 1075 qui
1674 992 1768 1058 Cice-

359 1092 455 1157 ronis
475 1115 655 1178 personam
677 1095 801 1158 induit.
823 1097 870 1176 a.)
891 1098 957 1160 Sed
969 1095 1189 1182 flagitiorum,
1205 1115 1281 1176 quae
1295 1095 1403 1156 multa
1418 1095 1558 1173 juvenis
1579 1097 1767 1163 commisis-

356 1217 395 1264 se
416 1200 588 1286 arguitur,
611 1201 746 1262 nullum
761 1199 939 1282 famosius,
956 1219 1059 1280 quam
1074 1203 1257 1280 quodcum
1271 1203 1409 1284 Fausta,
1424 1200 1566 1264 Milonis
1586 1222 1705 1285 uxore,
1718 1202 1768 1268 le·

282 1319 297 1383 5
361 1305 408 1369 cit
424 1305 641 1368 adulterium.
664 1291 713 1384 9.)
740 1309 827 1367 Nam
847 1323 868 1366 a
885 1303 1017 1368 Milone
1039 1306 1268 1386 deprehensus
1304 1303 1390 1368 loris
1408 1305 1498 1370 bene
1515 1325 1617 1370 caesus
1631 1315 1665 1368 et
1679 1325 1769 1369 non·

360 1411 428 1475 nisi
447 1431 523 1473 cum
542 1410 724 1493 pecuniam
746 1408 909 1492 dedisset,
929 1408 1091 1471 dimissus
1109 1415 1169 1472 est.
1198 1411 1280 1474 Haec
1300 1411 1394 1472 haud
1413 1409 1520 1474 dubie
1554 1420 1628 1474 erat
1648 1429 1768 1494 causa,

360 1518 473 1599 quod,
502 1535 579 1578 cum
601 1524 678 1598 post
702 1523 907 1596 questuram
931 1512 1204 1575 administratam
1240 1511 1306 1597 ιο.)
1338 1513 1496 1578 tribunus
1524 1514 1637 1598 plebis
1659 1514 1769 1578 iactus

360 1628 456 1704 esset,
477 1619 547 1702 (U.
567 1621 603 1681 C.
623 1634 693 1697 702.
716 1619 755 1680 A.
780 1620 858 1679 Chr.
880 1617 952 1700 52.)
974 1616 1097 1679 Clodio
1117 1637 1138 1680 a
1156 1617 1289 1682 Milone
1316 1617 1517 1702 interfecto,
1537 1639 1607 1682 una
1628 1640 1705 1684 cum
1726 1621 1768 1705 Q,

363 1727 400 1789 P.
420 1724 511 1788 Ruso
535 1732 569 1787 et
581 1725 621 1786 T.
639 1722 797 1785 Munatio
811 1723 959 1805 Planco,
981 1720 1130 1784 tribunis
1146 1721 1276 1805 plebis,
1298 1721 1554 1787 inimicissimas
1572 1727 1617 1789 de
1634 1724 1768 1788 Milone

363 1829 513 1891 babebat
540 1826 733 1890 conciones.
758 1825 822 1908 ιι.)
847 1827 957 1889 Iidem
985 1826 1185 1890 Ciceronem
1207 1846 1364 1911 quoque,
1384 1827 1445 1908 qui
1470 1827 1614 1892 Milonis
1632 1849 1768 1894 causam

363 1932 614 1998 defendendam
638 1939 848 2016 susceperat,
867 1929 972 1993 variis
992 1931 1210 1994 contumeliis
1230 1931 1442 2016 lacerabant,
1470 1941 1504 1996 et
1529 1932 1672 1996 Milonis
1691 1934 1768 2015 qui-

363 2041 442 2102 dem
459 2057 564 2099 manu
585 2040 645 2100 sed
664 2036 803 2115 majoris
817 2035 962 2114 alicujus
977 2035 1123 2098 consilio
1144 2038 1270 2100 cadem
1290 2055 1360 2100 esse
1374 2035 1497 2099 iactam
1504 2035 1690 2114 jaciebant.
1704 2039 1767 2116 ra.)

364 2141 564 2224 Pompejum
580 2143 700 2220 etiam,
718 2153 901 2225 antequam
922 2141 1062 2206 tertium
1082 2142 1202 2206 consul
1227 2149 1416 2225 crearetur,
1435 2145 1480 2204 ad
1500 2142 1670 2226 populum
1689 2161 1769 2226 pro-

365 2249 554 2330 duxerunt,
574 2256 607 2310 et
621 2249 664 2309 ab
689 2267 730 2310 eo
751 2246 982 2331 quaesierunt,
1010 2267 1093 2310 num
1119 2247 1289 2312 indicium
1312 2251 1355 2311 ad
1380 2267 1460 2312 cum
1483 2256 1570 2310 esset
1598 2247 1769 2330 delatum,

231 2331 234 2336 ⁵
313 2355 314 2358 ’
363 2351 441 2416 vitae
465 2350 536 2428 ejus
552 2349 711 2414 insidiari
732 2353 910 2415 Milonem.
933 2353 1000 2433 1³.)
1022 2355 1144 2416 Postea
1165 2373 1248 2419 vero
1274 2355 1316 2438 Ω.
1335 2350 1517 2437 Pompejus
1541 2351 1651 2416 Rufus
1676 2359 1709 2416 et
1733 2353 1769 2414 G.
1842 2387 1843 2390 =

367 2629 541 2690 immensae
573 2625 662 2709 gulae
683 2621 958 2705 impudicissimi
968 2623 1122 2706 corporis
1135 2633 1282 2705 quaestus
1301 2626 1466 2690 sustinere
1476 2599 1560 2692 non'
1567 2635 1716 2712 poterat,
1736 2637 1769 2692 et

366 2744 445 2797 aetas
465 2742 521 2794 tua
535 2730 609 2809 jam
633 2731 738 2790 adea
762 2725 938 2811 patienda,
959 2746 1034 2807 quae
1056 2728 1155 2791 alteri
1177 2727 1288 2792 facere
1308 2729 1537 2817 collibuisset,
1560 2735 1770 2817 exoleverat,

367 2837 612 2920 cupiditatibus
635 2831 783 2896 infinitis
804 2827 1018 2915 efferebaris,
1038 2841 1099 2918 ut,
1124 2853 1200 2915 quae
1222 2832 1295 2918 ipse
1318 2837 1456 2921 corpori
1482 2845 1542 2900 tuo
1565 2839 1678 2923 turpia
1697 2857 1768 2901 non

367 2940 527 3023 duxisses,
552 2938 589 3002 in
609 2938 687 3001 aliis
711 2937 923 3020 experireris.

451 3046 498 3125 7.)
520 3042 588 3106 Cir.
608 3043 746 3106 Horatii
763 3043 917 3106 sermon.
932 3045 958 3105 I.
979 3059 1008 3106 ι.
1031 3043 1094 3108 sub
1111 3042 1169 3106 fin.
1190 3077 1233 3098 ι-
1251 3041 1300 3126 8.)
1320 3042 1507 3106 Declamat.
1522 3042 1560 3106 in
1572 3045 1639 3108 Sal.
1660 3069 1687 3109 c.
1700 3049 1730 3112 5.

448 3149 498 3229 9.)
519 3150 641 3210 Acron.
662 3157 694 3209 et
713 3149 879 3228 Porphyr.
897 3151 941 3208 ad
958 3151 1250 3214 Horat.·Sermon.
1268 3170 1294 3210 ι.
1313 3165 1344 3220 a,
1361 3165 1410 3223 4²·
1451 3150 1523 3211 Ille
1530 3146 1698 3238 flagellis
1721 3153 1773 3216 ud

283 3319 286 3326 ,
370 3263 523 3318 mortem
542 3270 666 3314 caesus
688 3261 765 3313 etc..
797 3258 829 3310 et
855 3251 931 3309 Aul.
951 3251 1084 3312 Gellius
1110 3271 1156 3328 17.
1179 3253 1226 3315 ιΒ.
1247 3253 1320 3323 «Μ.
1338 3254 1462 3334 Varro,
1477 3252 1514 3313 in
1540 3254 1649 3317 literis
1668 3263 1769 3336 atque

368 3359 440 3420 rita
460 3357 527 3419 fide
555 3348 663 3419 bomo
692 3355 800 3418 multa
818 3363 851 3418 et
868 3350 997 3440 gravis,
1028 3351 1067 3414 in
1094 3351 1185 3414 libro
1209 3373 1312 3434 quem
1337 3353 1510 3439 inscripsit
1530 3358 1610 3422 Pius
1636 3368 1695 3422 aut
1726 3362 1769 3423 de

283 3533 287 3541 Ι
369 3464 477 3544 Pace,
499 3465 534 3523 C.
554 3463 739 3524 Salustium
758 3462 957 3544 scriptorem
975 3457 1071 3522 seriae
1092 3459 1189 3521 illius
1210 3469 1242 3522 et
1263 3479 1387 3525 severae
1409 3461 1596 3547 orationis,
1616 3464 1654 3526 in
1674 3466 1769 3546 cujus

368 3564 513 3628 historia
533 3566 689 3629 notiones
709 3566 878 3630 censorias
894 3563 970 3626 fieri
994 3573 1096 3645 atque
1115 3566 1262 3628 exerceri
1280 3565 1455 3650 videmus,
1474 3567 1511 3628 in
1523 3569 1693 3632 adulterio
1709 3572 1769 3634 dc-

370 3673 575 3753 prehensum
594 3671 637 3732 ab
655 3671 767 3732 Annio
794 3670 944 3753 Milone,
964 3668 1048 3732 loris
1071 3669 1158 3731 bene
1181 3691 1302 3734 caesum
1325 3669 1436 3752 dicit,
1468 3681 1501 3733 et
1525 3693 1602 3733 cum
1621 3673 1768 3736 dedisset

371 3775 568 3858 pecuniam,
587 3775 774 3836 dimissum.
805 3775 870 3837 Cir.
893 3776 995 3839 etiam
1017 3775 1172 3837 Servium
1190 3779 1233 3839 ad
1261 3775 1355 3860 Virg.
1376 3778 1459 3842 Aen.
1477 3779 1505 3837 6.
1520 3778 1588 3837 612.
1626 3775 1769 3857 Quique

373 3877 417 3942 ob
434 3874 655 3941 adulterium
672 3875 771 3941 caesi
781 3888 842 3941 etc.
861 3880 918 3951 «Si
931 3901 967 3942 re
985 3901 1064 3944 vera
1081 3878 1186 3963 caesi,
1197 3879 1381 3942 Salustium
1391 3879 1573 3965 significat,
1591 3899 1693 3961 quem
1700 3879 1769 3940 Mi·

374 3985 408 4044 lo
431 3984 680 4065 deprehensum
707 3984 768 4045 sub
798 3981 886 4044 servi
913 3983 1053 4068 babitu,
1083 3985 1273 4047 verberavit
1303 3984 1340 4045 in
1364 3984 1534 4048 adulterio
1560 4006 1628 4049 suae
1652 3985 1768 4048 uxoris

373 4089 499 4150 Faustae
520 4085 600 4149 filiae
622 4086 726 4160 stltae,
773 4088 844 4167 ιο.)
866 4086 1050 4149 Declamat.
1075 4087 1112 4149 in
1132 4089 1200 4148 Sal.
1223 4109 1249 4149 c.
1274 4092 1300 4150 5.
1326 4091 1500 4172 ,primum
1530 4093 1696 4152 bonorem
1729 4089 1765 4151 in

375 4202 543 4274 quaestura
563 4193 721 4274 adeptus,
741 4193 833 4254 bunc
854 4193 967 4256 locum
991 4201 1024 4254 et
1046 4193 1138 4253 bunc
1156 4194 1313 4260 ordinem
1333 4194 1493 4278 despexit.
1504 4195 1522 4226 ’'
