4108 4976
406 361 481 478 298

492 573 572 655 Gap.
593 571 680 636 LVI.
706 589 828 633 arcem
848 560 963 656 regni.
985 565 1147 632 slmiliter
1168 566 1287 634 Cicero
1308 588 1372 654 pro
1392 569 1505 656 Ligar.
1518 594 1547 654 7.
1580 566 1717 662 Africa
1738 594 1816 641 om·
1903 608 1907 620 ·

409 673 512 748 nium
526 672 804 760 provinciarum
826 694 1075 742 arm-arces
1096 674 1191 738 enim
1211 673 1288 738 loca
1305 676 1440 740 munita
1460 677 1637 763 dicuntur,
1658 701 1734 762 quae
1753 685 1817 746 ad-

404 784 598 866 jacentibus
623 782 824 870 regionibus
842 780 1004 866 pracsidio
1021 788 1110 844 suut.
1130 780 1211 843 vide
1231 782 1304 846 Liv.
1317 797 1367 860 44.
1384 786 1435 846 8ι.
1455 785 1627 848 Zamam.
1649 784 1709 853 cir.
1730 788 1816 854 Hist.
1841 815 1843 818 ·

410 873 446 964 ti.
462 891 566 956 Afric.
581 911 671 971 c.91.
691 889 752 952 Sil.
765 893 794 982 3,
812 891 881 952 261.
901 888 1024 973 Polyb.
1043 890 1091 949 ι5.
1105 889 1134 952 5.
1160 887 1223 969 qui
1242 889 1332 952 hanc
1356 889 1478 986 urbem
1501 889 1657 974 quinque
1678 891 1814 956 dierum

410 999 478 1063 iter
498 997 711 1062 occidentem
727 1013 844 1058 versus
864 1013 885 1058 a
904 995 1111 1078 Carthagine
1127 995 1246 1059 abesse
1264 995 1360 1059 dicit.
1379 998 1468 1062 adde
1481 997 1555 1060 Lir.
1570 999 1620 1080 30,
1638 1014 1687 1080 ι9.
1708 999 1815 1064 hodic

409 1105 483 1170 haec
501 1103 584 1166 urbs
603 1103 774 1178 Zamora
795 1099 897 1164 dicta.
906 1095 1050 1188 fallere
1069 1097 1279 1183 nequibant.
1299 1102 1429 1168 scilicet
1441 1111 1583 1188 propter
1594 1125 1715 1189 poenae
1725 1115 1814 1170 atro-

409 1210 557 1294 citatem,
577 1211 621 1273 de
641 1226 709 1290 qua
720 1207 801 1270 ride
818 1206 892 1272 Val.
909 1209 998 1272 Mar.
1014 1225 1042 1276 a.
1058 1229 1088 1289 7.
1105 1227 1152 1268 ιι.
1172 1228 1242 1290 seq.
1261 1203 1404 1274 Siccam
1425 1209 1528 1274 etiam
1542 1211 1610 1274 hoc
1621 1210 1700 1276 loco
1711 1215 1814 1277 codd.

412 1339 491 1382 cum
517 1318 632 1382 Gracc
652 1316 732 1404 slya
751 1313 928 1378 scribatur.
951 1313 1012 1382 cfr.
1027 1315 1149 1390 Strabo
1161 1336 1210 1396 ¹7·
1222 1319 1251 1378 8.
1266 1337 1302 1400 p.
1316 1317 1387 1393 484.
1407 1317 1468 1378 Ed.
1478 1318 1631 1378 Tauchn.
1651 1338 1724 1382 non
1736 1338 1815 1404 pro-

409 1415 466 1488 'cul
485 1425 587 1484 Zama
608 1420 757 1484 abluisse
776 1421 922 1486 ridetur.
951 1419 1041 1482 Plio.
1058 1421 1103 1482 H.
1120 1423 1160 1483 N.
1179 1421 1208 1484 5.
1225 1440 1253 1484 ι.
1287 1419 1389 1506 ..Siga
1417 1420 1585 1507 oppidum
1611 1442 1653 1486 ex
1672 1426 1814 1488 adverso

409 1527 579 1590 Malucbae
599 1526 638 1588 in
657 1525 825 1608 Hispania
845 1523 945 1608 sitae,
974 1525 1142 1608 Syphacis
1161 1523 1271 1610 regia,
1298 1525 1442 1591 alterius
1462 1526 1535 1607 jam
1556 1527 1815 1595 Mauritaniae!

409 1629 488 1695 alia
510 1629 612 1694 intua
630 1627 747 1696 Sicca.
768 1629 858 1692 Plio.
877 1630 900 1691 l.
921 1628 945 1690 l.
965 1631 994 1697 5.
1010 1653 1039 1696 a.
1060 1651 1228 1718 pugnam
1240 1626 1358 1719 facit.
1384 1631 1446 1700 cfr.
1465 1652 1493 1696 c.
1510 1635 1560 1715 57.
1578 1637 1627 1697 61.
1639 1636 1689 1695 82.
1709 1635 1815 1700 Tacit.

407 1742 497 1801 Αιιιι.
513 1740 543 1800 8.
559 1719 611 1803 ιι.-
619 1754 840 1818 prosperam
861 1734 1049 1800 adversum
1069 1733 1252 1801 Numidas
1265 1756 1432 1825 pugnam
1444 1733 1560 1828 facit.
1569 1734 1702 1828 facere
1720 1741 1815 1805 enim

408 1863 482 1907 non
506 1841 622 1905 minus
647 1859 749 1922 quam
774 1839 931 1904 Graecum
954 1843 1035 1910 morie
1055 1840 1173 1904 multis
1198 1840 1574 1926 circumscriptionibus
1602 1843 1753 1908 inservit.
1780 1855 1817 1912 ct

407 1951 534 2016 Seneca
554 1950 616 2032 Ep.
631 1961 699 2023 ιι4.
720 1966 761 2010 cr
780 1945 928 2010 Salustio
938 1940 1074 2033 facere
1094 1942 1294 2010 exercitum
1313 1946 1478 2011 laudavit.
1500 1945 1685 2031 praelium
1706 1950 1818 2016 lacere

409 2055 498 2120 dixit
518 2052 592 2120 Liv.
612 2057 668 2136 39,
686 2069 714 2114 a.
730 2071 786 2137 4ο,
801 2055 851 2128 54.
873 2050 1004 2115 bellum
1026 2051 1075 2114 id.
1096 2073 1122 2114 ι.
1138 2053 1188 2133 98.
1210 2054 1342 2118 Graece:
1361 2049 1499 2140 πέλιμοι
1518 2051 1571 2122 aui
1588 2053 1700 2144 μάχην
1716 2060 1816 2128 meib·

353 2221 369 2240 ,
411 2182 544 2226 casum.
565 2159 589 2223 i.
603 2179 631 2224 e.
648 2159 875 2242 occasionem,
896 2157 1200 2244 opportunitatem.
1219 2158 1301 2222 ride
1317 2178 1420 2243 supra
1438 2179 1511 2244 cap.
1528 2164 1576 2224 2⁵.
1593 2168 1626 2223 at
1638 2164 1716 2226 Tac.
1728 2166 1816 2226 Anu.

412 2291 459 2331 ιι.
477 2289 506 2348 9.
525 2287 601 2331 rese
609 2263 795 2332 Numidae
809 2271 955 2354 gerunt.
978 2263 1067 2326 Flor.
1086 2267 1116 2327 ³.
1137 2266 1198 2328 sed
1210 2283 1311 2350 agere
1329 2272 1363 2330 ct
1377 2264 1415 2328 in
1425 2265 1505 2330 aliis
1516 2267 1697 2332 verborum
1711 2277 1817 2332 struo·

409 2373 496 2437 turia
515 2393 580 2457 pro
595 2393 714 2458 gerere
736 2371 884 2454 dictum,
911 2391 943 2436 v.
965 2390 993 2433 c.
1020 2388 1121 2455 agere
1146 2389 1339 2455 censuram,
1371 2370 1520 2456 bellum,
1551 2373 1817 2459 rempublicam,

410 2501 565 2565 regnum.
585 2479 717 2545 Liv.3r.
733 2499 781 2540 ιι.
803 2483 837 2542 et
857 2495 959 2562 agere
973 2496 1009 2542 se
1027 2474 1238 2560 principem,
1257 2474 1466 2561 ministrum,
1490 2496 1557 2561 pro
1575 2478 1706 2566 equite,
1725 2483 1816 2564 apud

410 2585 612 2649 Suetonium
631 2593 825 2649 occurrunt.
847 2582 905 2646 cfr.
924 2585 1045 2647 Claud.
1065 2600 1105 2664 ι9
1126 2590 1160 2646 et
1174 2585 1224 2646 ι5.
1245 2585 1334 2646 adde
1353 2580 1426 2646 Liv.
1441 2597 1478 2667 4,
1501 2587 1550 2646 ι5.
1571 2599 1626 2667 4ο,
1643 2589 1693 2663 46.
1857 2663 1862 2676 ⁸

492 2692 575 2774 Cap.
593 2691 695 2755 LVII.
715 2693 767 2754 Et
788 2691 888 2754 Mar.
908 2691 999 2754 Flor.
1019 2690 1105 2754 tales
1122 2688 1381 2768 conjunctiones
1394 2688 1517 2772 sapius
1529 2692 1621 2774 apud
1631 2691 1817 2756 Salustium

409 2797 552 2882 additae,
580 2805 619 2860 ut
643 2796 788 2879 abrupta
808 2796 975 2860 orationis
1000 2794 1157 2860 membra
1178 2793 1476 2878 conjungerentur.
1498 2797 1720 2878 opulentum.
1742 2797 1765 2860 i.
1786 2818 1818 2864 e.

407 2903 490 2969 satis
510 2903 725 2967 instructum.
745 2899 783 2965 in
805 2898 972 2966 manibus
981 2897 1125 2991 facere.
1146 2898 1170 2962 i.
1182 2919 1210 2964 c.
1225 2919 1347 2965 manus
1357 2920 1545 2965 conserere.
1566 2900 1709 2968 cfr-Lir.
1722 2928 1751 2966 a.
1764 2911 1818 2973 ao.

412 3005 477 3074 ubi
492 3011 545 3074 ad
561 3031 710 3074 manum
738 3003 893 3073 uenisset
921 3003 1048 3072 hostis.
1076 3010 1160 3091 Nep.
1179 3007 1275 3069 Eum.
1291 3009 1318 3069 5.
1352 3027 1468 3089 neque
1487 3027 1649 3091 unquam
1670 3011 1723 3074 ad
1739 3031 1816 3075 ma-

412 3137 499 3179 num
520 3117 692 3182 accedere
712 3111 855 3179 licebat.
876 3113 965 3178 Plin.
985 3115 1069 3176 Pan.
1087 3135 1134 3194 17.
1162 3107 1280 3177 venire
1300 3107 1339 3178 in
1359 3133 1502 3178 manus.
1521 3151 1564 3166 ·-
1578 3111 1664 3199 pice
1686 3123 1723 3180 et
1742 3118 1818 3181 rul-

399 3222 525 3306 *phure
544 3223 688 3284 taedam
710 3220 856 3284 mistam
878 3219 1034 3286 ardenti.
1055 3222 1153 3283 Barb.
1167 3237 1197 3284 2.
1209 3225 1239 3285 ³.
1253 3237 1283 3298 4.
1298 3221 1328 3283 5.
1354 3219 1499 3284 taedam
1521 3216 1668 3284 mistam
1688 3223 1817 3286 arden-

411 3325 454 3391 ti.
474 3326 578 3391 etiam
601 3328 676 3392 Vat.
691 3339 719 3402 4.
736 3327 765 3388 6.
791 3321 948 3389 ardenti.
966 3327 1042 3390 Vat.
1062 3344 1092 3387 a.
1110 3331 1140 3393 3.
1168 3334 1202 3390 ct
1229 3327 1333 3412 longe
1353 3324 1499 3414 plurimi
1520 3326 1613 3390 libri.
1633 3329 1693 3392 sed
1713 3327 1817 3392 etiam

410 3427 581 3492 ardentia
601 3430 765 3497 nonnulli
785 3429 1004 3511 confirmant,
1024 3429 1202 3497 Venetici
1221 3430 1385 3496 nonnulli
1406 3431 1694 3512 Mediolanensem
1713 3434 1817 3498 etiam

413 3533 488 3597 Vat.
506 3533 534 3594 5.
555 3530 650 3607 cujus
670 3551 804 3594 summa
824 3537 1017 3598 auctoritas.
1037 3539 1098 3598 sed
1117 3538 1212 3599 idem
1226 3537 1312 3617 pice
1331 3545 1367 3602 et
1385 3539 1560 3623 sulphure
1573 3538 1715 3604 taedam
1725 3533 1820 3603 mia-

412 3645 490 3704 tam
510 3637 625 3702 habet.
644 3637 705 3700 sed
724 3634 910 3699 lectionem
932 3655 952 3698 a
973 3637 1089 3698 Cortio
1110 3638 1301 3702 restitutam
1321 3659 1438 3705 reram
1458 3663 1540 3727 esse,
1557 3663 1631 3708 non
1649 3652 1698 3709 est
1716 3644 1819 3708 dubi·

414 3767 484 3810 um.
504 3747 606 3831 plura
619 3741 832 3808 substantiva
850 3741 939 3808 rarii
957 3742 1094 3830 generis
1110 3753 1270 3809 neutrum
1285 3748 1394 3834 sequi,
1413 3748 1452 3812 in
1464 3752 1588 3838 vulgus
1602 3758 1733 3814 notum.
1753 3751 1819 3813 du-

412 3851 601 3914 riusculum
624 3863 684 3930 est,
706 3854 802 3935 quod
824 3851 1182 3938 numerussingularis
1202 3873 1280 3940 gen.
1297 3853 1388 3924 foem.
1410 3857 1589 3941 praecedit}
1609 3859 1669 3921 sed
1692 3876 1735 3920 ne
1751 3856 1817 3919 boc

413 3955 554 4041 quidem
573 3956 676 4040 plane
691 3958 880 4022 insolitum.
901 3956 995 4041 pari
1008 3956 1187 4044 periculo.
1218 3979 1361 4044 praepos.
1381 3957 1420 4026 in
1442 3962 1576 4029 omissa.
1597 3961 1668 4025 Cic.
1689 3963 1772 4048 Epp.
1788 3975 1818 4038 4.

415 4069 465 4128 ι5.
494 4084 541 4128 ne
569 4084 639 4148 quo
657 4061 825 4147 periculo
846 4073 883 4128 te
892 4063 1045 4150 proprie
1065 4061 1294 4131 existimares
1315 4085 1398 4132 estc.
1416 4070 1462 4132 ad
1482 4089 1586 4154 quem
1604 4069 1721 4134 locum
1740 4067 1820 4132 ride

410 4171 575 4238 Curtium.
