4116 4970
371 311 415 406 nt

353 477 563 560 hrossii‘luit
582 487 769 575 sententia,
783 477 885 554 'mihi
912 486 1053 571 quidem
1072 487 1194 571 parum
1209 485 1402 571 probabilis
1419 507 1491 556 esse
1509 491 1657 556 videtur.
1678 495 1770 582 Quav

353 599 448 666 enim
474 617 545 680 cap.
572 599 627 662 1v.
652 595 755 659 initio
779 595 964 680 leguntur:
986 589 1103 681 igitur
1126 591 1190 655 ubi
1212 590 1359 658 animur
1384 617 1429 661 er
1458 594 1586 660 multis
1607 594 1764 664 miseriis

354 698 651 786 atquepericulis
669 696 865 783 requierit3
887 707 923 762 et
944 693 1037 764 miti
1055 693 1235 781 reliquam
1246 706 1405 763 aetatem
1425 721 1450 764 a
1470 699 1658 783 republica
1674 724 1766 788 pro-

355 811 420 874 eul
439 808 641 873 habendam
666 803 820 888 decrevi,
840 805 946 868 scribi
970 826 1042 869 non
1059 813 1237 889 poterant,
1262 804 1332 867 nisi
1352 812 1430 888 post
1450 816 1634 889 praeturam
1653 808 1769 872 admi-¹

354 914 551 999 uistratam,
571 934 665 977 anno
686 912 930 996 septingesimo
951 919 1072 976 octavo
1094 913 1136 974 U.
1159 913 1194 972 G
1214 930 1285 991 quo
1303 931 1395 974 anno
1414 931 1492 974 eum
1512 933 1553 976 ex
1566 913 1681 976 Africa
1694 917 1766 978 Ro·

354 1037 447 1084 mam
463 1021 606 1085 rediisse
619 1017 821 1106 putaverim.
841 1019 909 1082 Sed
926 1039 969 1082 eo
992 1028 1146 1103 tempore
1167 1017 1333 1100 scriptum
1358 1037 1430 1082 esse
1449 1018 1633 1082 Catilinam
1660 1019 1765 1082 etiam

354 1127 435 1192 aliis
455 1128 521 1192 fuit
542 1146 757 1212 persuasum,
777 1144 856 1187 eum
882 1125 1050 1208 maxime,
1070 1144 1146 1205 quae
1169 1127 1213 1187 de
1240 1123 1396 1186 moribus
1420 1123 1560 1187 Caesaris
1586 1134 1688 1205 atque
1702 1127 1766 1187 Ca-

355 1229 447 1300 tonis
462 1243 581 1298 auctor
598 1231 840 1315 disputaverit,
861 1230 1000 1294 nonnisi
1026 1237 1103 1314 post
1123 1230 1301 1310 utriusque
1317 1229 1386 1292 riri
1406 1238 1551 1294 mortem
1575 1228 1645 1294 dici
1666 1250 1766 1315 posse

354 1340 564 1406 riderentur.
599 1339 638 1399 Id
659 1339 753 1418 quod
782 1337 863 1399 satis
885 1336 1067 1420 probabile
1094 1355 1166 1399 esse
1192 1335 1339 1398 videtur.
1379 1339 1498 1417 Neque
1521 1337 1611 1398 hanc
1637 1336 1765 1418 aliquis

355 1443 472 1508 animo
497 1442 669 1526 concipiat
686 1444 907 1526 opinionem,
928 1445 1002 1506 haec
1024 1443 1134 1504 multo
1171 1451 1271 1505 antea
1297 1442 1440 1525 scripta,
1470 1441 1577 1504 serius
1607 1441 1765 1527 evulgata

355 1548 471 1623 tuisse.
492 1551 533 1611 Id
551 1547 644 1611 enim
663 1567 683 1608 a
707 1548 884 1631 scriptoris
904 1548 1061 1610 moribus
1082 1546 1282 1630 abborruit,
1314 1547 1375 1627 qui
1396 1546 1551 1609 historiis
1574 1547 1767 1612 scribendis

355 1673 393 1719 se
407 1655 498 1720 bene
514 1657 558 1717 de
577 1653 753 1736 republica
773 1655 898 1716 mereri
919 1652 988 1716 sibi
1014 1669 1213 1736 persuasum
1239 1651 1363 1714 habuit
1385 1661 1488 1732 atque
1505 1652 1653 1736 sperarit
1674 1651 1765 1737 lore,

355 1768 530 1824 utrarum
557 1768 728 1843 gestarum
752 1759 1004 1839 monumentis,
1037 1777 1114 1838 quae
1139 1757 1366 1843 condidisset,
1395 1758 1563 1820 memoria
1587 1756 1768 1844 flagitiosa

355 1862 436 1930 vita
465 1865 717 1928 obliteraretur.
761 1864 901 1927 Accedit
927 1863 1035 1948 ipsius
1067 1861 1233 1924 orationis
1274 1864 1396 1942 color,
1426 1865 1489 1946 qui
1514 1863 1657 1947 quidem
1693 1884 1767 1929 nou

352 1969 508 2049 iuvenile
524 1969 609 2051 quid
625 1971 748 2054 spirat,
770 1969 807 2032 id
827 1969 920 2032 enim
938 1989 960 2031 a
975 1967 1115 2031 Salustii
1135 1975 1232 2030 aetate
1257 1967 1426 2052 alienum,
1454 1973 1514 2033 sed
1542 1980 1655 2035 tamen
1687 1989 1766 2034 sen-

357 2075 474 2140 tentiis
490 2081 523 2138 et
542 2073 680 2161 figuris,
698 2095 774 2157 quae
784 2075 986 2140 Salustianar
1002 2074 1177 2156 dicuntur,
1196 2083 1246 2136 est
1259 2074 1484 2137 ornatissima.
1506 2077 1618 2158 Quam
1631 2076 1765 2140 obrem

357 2180 507 2246 similem
529 2182 622 2242 hune
640 2166 769 2244 libium
784 2181 895 2244 Taciti
911 2181 1078 2266 Agricolae
1095 2179 1242 2264 dixeris,
1263 2199 1333 2261 quo
1354 2181 1392 2242 in
1411 2179 1534 2243 libello
1549 2189 1583 2242 et
1597 2179 1673 2264 ipso
1688 2198 1769 2244 seu·

357 2285 544 2350 tertiarum
563 2298 765 2350 ornamenta
798 2299 832 2350 et
858 2287 1148 2350 conformationes
1164 2286 1284 2348 Tacito
1301 2284 1450 2368 propriae
1472 2284 1653 2350 cumulatae
1676 2294 1765 2348 suut,

357 2391 434 2454 Hoc
450 2390 558 2475 igitur
572 2412 636 2474 pro
660 2403 753 2454 certo
773 2393 859 2474 poni
874 2411 973 2474 posse
988 2391 1141 2473 videtur,
1160 2389 1345 2452 Salustium
1364 2389 1506 2470 quidem
1517 2389 1680 2468 juvenem
1694 2389 1767 2454 his-

358 2495 455 2558 toriae
477 2495 591 2556 studio
608 2495 822 2576 incubuisse,
843 2496 903 2556 sed
926 2497 970 2554 ad
992 2495 1209 2556 scribendam
1239 2495 1379 2556 nonnisi
1400 2503 1477 2577 post
1506 2495 1645 2558 cesaris
1671 2515 1766 2560 mor·

358 2607 428 2663 tem
442 2601 628 2662 accessisse.
671 2597 856 2660 Catilinam
872 2598 967 2659 haud
987 2597 1090 2660 dubie
1110 2604 1263 2660 secutum
1284 2607 1332 2660 est
1351 2599 1483 2662 bellum
1499 2600 1765 2686 Jugurthiuum,

358 2704 514 2785 cujusrei
534 2705 738 2767 memoriam
752 2721 772 2763 a
785 2712 932 2786 praetura
954 2701 992 2764 in
1004 2701 1118 2767 Africa
1132 2712 1226 2788 gesta
1251 2704 1429 2767 retinebat
1460 2708 1550 2768 Tum
1564 2709 1703 2771 demum
1720 2709 1765 2772 ad

357 2811 581 2875 historiarum
595 2810 703 2873 libros
725 2809 924 2873 scribendos
944 2807 1100 2871 animum
1119 2809 1271 2893 appulit,
1292 2809 1330 2872 in
1350 2811 1477 2893 quibus
1500 2812 1601 2876 libris
1616 2834 1669 2878 res
1682 2815 1766 2877 inde

361 2917 497 2980 aSullae
516 2926 627 2980 morte
652 2936 761 2999 usque
783 2917 827 2978 ad
856 2915 1129 2994 conjurationem
1149 2914 1390 2978 catilinarium
1410 2919 1602 3001 exposuisse
1618 2919 1764 2988 videtur.

360 3023 427 3104 33.)
447 3024 614 3086 Praetcrea
629 3023 768 3085 Salustii
789 3043 914 3086 nomen
934 3020 1121 3106 preferant
1145 3024 1221 3086 dure
1243 3022 1395 3105 epistolae
1417 3025 1460 3086 ad
1481 3026 1516 3086 C.
1532 3028 1696 3089 Caesarem
1722 3029 1765 3091 de

360 3128 539 3212 republica
555 3126 749 3189 ordinanda
758 3127 907 3209 scriptae,
927 3147 1014 3207 quos
1022 3127 1181 3209 luerunt,
1200 3127 1261 3208 qui
1277 3127 1425 3190 Salustio
1440 3128 1692 3214 abjudicarent,
1705 3133 1765 3196 sed

360 3233 418 3295 illi
440 3235 647 3318 argumentis
663 3251 786 3314 parum
812 3231 949 3292 idoneis
972 3230 1036 3298 usi.
1067 3234 1184 3310 Neque
1204 3231 1312 3292 Cortii
1329 3251 1471 3295 acumen
1492 3235 1529 3296 in
1549 3235 1593 3298 iis
1608 3254 1765 3320 agnosco,

362 3359 437 3420 quae
461 3341 504 3401 de
526 3338 580 3400 his
602 3336 756 3419 epistolis
782 3334 979 3419 disputavit.
1011 3336 1113 3420 Quod
1135 3335 1228 3398 enim
1253 3336 1338 3398 dicit
1361 3340 1546 3402 verborum
1574 3341 1765 3425 elegantem

362 3443 634 3526 connexionem,
665 3452 778 3524 aptam
805 3449 1012 3502 structurum
1038 3447 1070 3501 et
1101 3461 1202 3520 quem
1220 3441 1292 3524 ipse
1318 3462 1500 3504 numerum
1530 3443 1689 3528 dicit,in
1710 3441 1765 3508 his

362 3548 497 3632 seriptis
523 3545 732 3630 desiderari,
759 3553 831 3608 tota
853 3565 890 3609 re
909 3543 998 3608 mihi
1023 3563 1150 3610 errasse
1173 3545 1318 3610 videtur.
1353 3550 1501 3612 Tantum
1528 3549 1622 3612 euim
1645 3551 1766 3637 abest,

443 3822 510 3905 ³3.)
528 3823 744 3887 Testimonio
764 3831 843 3885 sunt
869 3832 902 3886 et
922 3823 1128 3910 fragmenta,
1149 3832 1181 3888 et
1205 3844 1281 3905 quae
1305 3823 1476 3888 Ausonius
1498 3824 1535 3888 iu
1552 3825 1763 3911 Protreptico

363 3928 542 4014 Eidyllion
565 3931 621 3992 IV.
639 3948 685 3990 vs.
713 3931 763 3994 60.
778 3948 824 4009 sq.
858 3930 900 3991 de
917 3931 1040 3992 horum
1051 3929 1220 3992 librorum
1239 3939 1441 4013 argumento
1464 3929 1573 3993 canit:

444 4033 536 4099 Jam
548 4029 705 4123 facinus
733 4031 900 4100 Catilina
922 4043 1025 4097 tuum
1046 4031 1245 4117 Lepidique
1265 4035 1464 4095 tumultum

445 4139 503 4204 Ab
525 4135 662 4224 Lepido
684 4147 720 4201 et
742 4139 878 4206 Catulo
890 4135 975 4228 jam
996 4161 1055 4203 res
1075 4147 1111 4202 et
1131 4149 1296 4221 tempora
1308 4138 1447 4206 Romae
