4106 4974
1596 397 1668 496 237

264 587 392 658 ominis
408 588 629 671 loqueretur,
656 585 788 652 cautius
807 583 875 652 boo
894 581 1067 670 expressit.
1088 603 1164 650 ursa
1195 579 1431 650 occidendum
1452 585 1558 655 nobis
1571 585 1673 683 sore.

264 695 359 762 esch.
388 695 448 760 ssd
472 691 510 756 in
539 693 613 763 Vct
644 696 673 757 5.
700 691 893 757 infinitivum
914 680 1060 756 omissus
1085 697 1157 769 est;
1187 688 1225 752 id
1248 691 1343 773 quod
1363 698 1415 756 est
1439 692 1676 762 durissimum.

266 798 399 866 virtute
415 819 461 866 oe
481 790 537 862 dis
553 797 754 862 volentibus
773 795 796 860 i.
817 816 848 872 c,
864 796 1038 882 propitiis,
1058 795 1131 864 Lir.
1147 798 1203 876 39.
1219 797 1265 858 16.
1286 796 1360 861 baec
1382 815 1589 882 componere
1603 804 1677 866 lto·

265 905 378 970 manis
395 902 620 988 scriptoribus
640 900 910 982 usitatissimum.
931 908 1172 968 transvorsos.
1192 899 1274 965 vide
1286 918 1388 985 supra
1404 921 1477 988 cup.
1490 909 1521 969 6.
1525 905 1674 996 fingere

251 1015 323 1076 'ms
344 1007 461 1082 verbo.
482 1028 539 1071 me
557 1025 625 1070 om.
638 1008 713 1072 Vst.
727 1019 757 1083 4.
782 1004 864 1070 vide
880 1005 978 1070 Catil.
994 1025 1066 1091 cap.
1083 1021 1133 1089 47.
1140 1003 1289 1096 fingere
1310 1001 1399 1072 olio.
1417 1006 1549 1075 scilicet
1567 1013 1675 1077 verbo

265 1114 389 1200 sepius
408 1111 505 1176 lectis
521 1119 762 1196 opponuntur3
791 1131 899 1196 quere
920 1112 1135 1200 etismspud
1150 1112 1350 1178 Ciceronem
1370 1133 1448 1177 cum
1466 1111 1674 1183 srirrulrtio-

267 1217 599 1305 rrecoojunguntur.
615 1217 786 1289 ciceron.
808 1222 906 1286 verr.
933 1221 963 1284 5.
991 1219 1041 1282 33.
1062 1239 1145 1284 cum
1167 1217 1238 1284 hoe
1260 1218 1363 1284 verbo
1380 1225 1417 1285 et
1435 1212 1674 1286 simulatione

237 1357 241 1366 ·
265 1319 456 1411 Apronio,
477 1343 602 1389 revera
619 1318 691 1389 tili
705 1321 887 1414 objectum
908 1329 1062 1390 esset-
1081 1321 1183 1406 quod
1194 1317 1471 1409 utinamcprou.
1490 1324 1674 1390 relativum

268 1428 387 1494 multis
409 1427 589 1513 particulis
603 1428 706 1518 jungi
727 1433 773 1494 sd
796 1430 868 1495 rim
892 1451 1010 1498 eorum
1029 1430 1241 1516 sugendam,
1264 1429 1347 1495 setis
1369 1436 1490 1494 notum
1505 1437 1565 1494 est.
1592 1430 1675 1496 vide

267 1539 336 1598 cst.
360 1553 433 1618 cap.
455 1535 501 1597 18.
520 1541 554 1598 et
568 1542 619 1611 43.
639 1529 772 1618 quoius
795 1530 920 1620 impio.
937 1539 1014 1602 Vst.
1032 1554 1063 1599 e.
1083 1529 1251 1600 miserias
1269 1532 1475 1622 projeetus.
1496 1533 1558 1601 cir.
1583 1531 1676 1598 inire

267 1639 356 1708 trist.
377 1641 509 1726 Fregm.
538 1641 601 1724 Ep.
634 1639 753 1724 Pomp.
766 1637 962 1734 projectus
983 1639 1036 1706 od
1050 1637 1181 1706 bellum
1202 1633 1458 1704 sawbsimum.
1480 1641 1515 1705 et
1536 1639 1675 1708 Terent.

266 1747 372 1808 Andr.
387 1760 418 1821 4.
441 1765 469 1806 ι.
488 1760 542 1822 44.
572 1739 764 1836 conjectus
783 1741 822 1808 iu
839 1740 1000 1829 nuptias.
1021 1745 1114 1816 Curt,
1138 1745 1167 1811 5.
1196 1747 1225 1807 3.
1252 1743 1313 1806 in.
1334 1739 1518 1808 exereitus
1530 1741 1677 1830 conjec-

267 1857 330 1914 tus
345 1844 385 1916 irs
399 1845 649 1938 augustiae-
660 1855 730 1911 out
750 1849 931 1932 apudvos.
950 1853 1019 1911 out
1031 1867 1100 1912 om.
1113 1846 1208 1912 liicb.
1233 1865 1425 1932 perperam,
1445 1868 1492 1914 ne
1509 1843 1581 1913 ille.
1600 1849 1676 1914 Vet.

267 1969 298 2014 s.
308 1947 429 2043 feror
447 1953 541 2018 idem
565 1953 659 2035 quod
672 1969 776 2037 supro
794 1971 833 2017 se
852 1951 975 2039 effert,
996 1948 1177 2038 superbit,
1189 1955 1422 2038 praeclarus.
1443 1951 1504 2016 cir.
1519 1955 1676 2038 Ceucsp.

269 2059 321 2120 63.
341 2059 467 2124 οῖσι-ιω
484 2066 598 2141 utque
622 2076 778 2148 magnus
798 2056 964 2123 labetur.
980 2099 1014 2116 -
1038 2055 1234 2122 sceleribus
1250 2076 1323 2122 non
1351 2077 1430 2122 eum
1454 2058 1677 2141 praeclarus

264 2161 503 2248 jungendum
522 2181 602 2226 nem
626 2165 722 2244 quod
751 2164 844 2246 apud
855 2170 973 2247 poetes
1003 2161 1178 2226 occurrit:
1210 2160 1304 2228 bello
1338 2180 1404 2227 seu
1430 2156 1547 2226 armis
1566 2181 1676 2246 prue—

269 2268 413 2346 clorus,
444 2286 516 2330 non
547 2276 596 2331 est
614 2266 719 2346 hujus
738 2265 817 2330 loci
840 2263 912 2331 tibi
930 2263 1142 2333 immaturo.
1163 2286 1322 2352 pronom.
1350 2267 1444 2332 delet
1474 2268 1552 2332 Vas
1582 2269 1614 2330 6.
1633 2265 1674 2332 in

268 2373 391 2436 eodem
415 2371 521 2456 paulo
549 2371 641 2436 intre
661 2379 715 2436 est
738 2371 962 2438 desideratur.
991 2379 1152 2438 neutmm
1181 2373 1313 2458 plsce13
1332 2374 1477 2438 verbum
1497 2372 1591 2439 enim
1613 2389 1676 2438 ue·
1782 2375 1793 2414 ³

269 2476 471 2554 cessarium,
491 2484 530 2541 ut
548 2476 718 2544 sententia
733 2477 873 2562 plenius
890 2487 993 2562 atque
1014 2477 1230 2544 numerosius
1243 2478 1462 2559 terminetur3
1483 2474 1554 2544 etsi
1569 2495 1676 2564 prop·

268 2588 321 2646 ter
344 2599 490 2665 sequens
521 2590 646 2668 tuum,
672 2583 729 2646 oui
747 2587 941 2667 respondet,
960 2583 1179 2648 retinendum
1200 2591 1259 2648 est.
1287 2603 1364 2647 essm
1386 2582 1481 2648 enim
1500 2581 1677 2650 Adherbal

268 2683 408 2752 fratrem
426 2689 602 2753 absentem
623 2689 830 2773 alloquetur,
851 2690 999 2752 multum
1028 2688 1110 2752 fecit
1129 2690 1174 2752 sd
1196 2685 1365 2770 orationis
1394 2705 1517 2752 nervos
1543 2707 1676 2773 eugen-

269 2793 340 2854 dos.
379 2793 445 2857 sed
463 2791 583 2860 omnis
600 2793 677 2858 bos.
697 2795 773 2860 Vat.
793 2815 824 2862 e.
847 2797 942 2878 quod
964 2794 1074 2857 multo
1096 2791 1250 2857 ornatius
1270 2792 1423 2873 dicmur,
1442 2808 1548 2872 quem
1573 2799 1609 2854 et
1629 2835 1674 2852 .-

268 2897 516 2978 spectaculum
532 2895 691 2979 praebeo
712 2897 736 2964 i.
759 2917 789 2962 e.
809 2898 1121 2981 spectaculorum,
1149 2911 1254 2977 quem
1275 2896 1373 2958 liure
1401 2900 1435 2958 et
1454 2893 1601 2960 mobiles
1621 2911 1677 2957 res

268 2999 429 3064 bumana
450 2999 527 3066 sint.
562 2998 623 3072 eir,
645 3002 799 3084 Propert.
814 3015 843 3077 4.
858 3003 886 3068 s.
902 3017 952 3072 ss.
967 3009 1001 3064 et
1021 3001 1073 3070 56.
1113 2999 1248 3064 Patres
1269 2991 1471 3079 conscripti
1488 2991 1677 3060 subvenite.

269 3106 346 3170 Vot.
363 3123 394 3169 a.
413 3103 594 3184 omnibus,
605 3125 684 3186 quse
697 3104 735 3166 iu
749 3104 894 3184 reliquis
905 3103 1007 3168 libris
1019 3101 1222 3187 interposite
1235 3109 1328 3186 sunt,
1347 3101 1493 3168 omissis,
1514 3103 1588 3167 haeo
1609 3119 1677 3166 me·

271 3209 350 3275 delo
367 3208 587 3276 vexatissimo
604 3209 689 3272 huic
705 3209 787 3274 loeo
804 3208 985 3294 adhibite,
1004 3210 1042 3274 in
1064 3227 1134 3292 quo
1155 3208 1241 3274 libri
1266 3210 1413 3274 multum
1432 3205 1577 3272 varient.
1605 3227 1677 3289 per

270 3310 414 3380 liberos.
430 3335 500 3397 per
518 3333 586 3378 om.
602 3316 678 3381 Vst.
693 3319 724 3382 3.
742 3321 884 3380 cestros
903 3315 996 3380 delet
1017 3314 1104 3382 Min.
1124 3335 1154 3385 r.
1172 3317 1233 3379 sed
1255 3315 1372 3380 omnis
1393 3313 1482 3378 mihi
1498 3331 1581 3378 sena
1602 3329 1676 3378 esse

269 3418 441 3487 videntur.
468 3418 616 3484 consilio
638 3419 731 3484 enim
752 3427 786 3483 et
798 3439 871 3503 per
889 3419 1014 3503 sepius
1034 3419 1151 3504 posuit
1171 3428 1310 3504 auctor,
1331 3429 1365 3484 et
1386 3425 1522 3483 vestros
1541 3415 1678 3496 sdjecit.

270 3526 366 3607 quod
385 3523 448 3607 qui
468 3543 541 3588 non
559 3523 782 3610 intelligunt,
809 3543 868 3588 eos
886 3523 1011 3590 frustm
1031 3524 1180 3589 refutare
1199 3527 1342 3589 studeas.
1384 3522 1576 3588 tabescere.
1603 3523 1676 3587 hec

161 3701 164 3708 ,
271 3628 403 3694 locutio
423 3628 595 3694 historicis
614 3628 764 3694 maxime
782 3627 1014 3714 frequentate,
1034 3632 1094 3695 sed
1108 3628 1321 3694 substsutiro
1341 3628 1464 3712 sepius
1485 3647 1587 3710 quom
1601 3645 1679 3690 ver·

272 3733 327 3798 bo
340 3743 493 3798 utuntur.
526 3733 651 3800 omnio
665 3729 852 3818 paulatim
873 3734 1057 3800 tabescere
1076 3735 1180 3799 etiem
1210 3736 1343 3797 Lucret.
1364 3731 1462 3796 dixit.
1482 3755 1509 3794 r.
1529 3730 1589 3798 iin.
1622 3747 1679 3794 oo·

273 3837 340 3903 teri
358 3839 536 3924 scriptores
558 3841 601 3902 sd
622 3838 777 3902 animum
797 3839 911 3903 solum
931 3846 965 3903 et
986 3856 1110 3922 corpus
1129 3838 1232 3918 hujus
1251 3838 1348 3904 verbi
1365 3837 1437 3900 rim
1458 3833 1622 3910 referunt.
1635 3871 1677 3890 «-

274 3943 434 4008 Ceterum
454 3945 527 4010 baec
547 3943 678 4027 oratio,
703 3963 781 4007 cum
807 3944 847 4012 iu
867 3951 1070 4030 argumento
1090 3941 1220 4008 leviore
1238 3947 1394 4007 versetur
1410 3959 1515 4022 quum
1534 3950 1678 4024 cetere,

275 4056 389 4114 temen
408 4056 442 4112 et
460 4048 536 4132 ipss
554 4067 682 4134 magne
707 4069 785 4112 cum
806 4057 881 4112 arte
900 4047 1089 4133 composite
1109 4057 1169 4116 est.
1210 4049 1298 4112 Cum
1319 4045 1412 4110 euim
1440 4055 1473 4110 et
1504 4044 1678 4122 hominis,

274 4171 379 4233 quem
396 4151 596 4234 loquentem
617 4153 752 4218 inducit
771 4153 955 4237 Salustius,
975 4152 1155 4238 ingenium
1176 4159 1210 4216 et
1229 4171 1357 4235 csmae,
1371 4171 1448 4233 quae
1462 4150 1601 4235 egitur,
1622 4167 1678 4212 re.

275 4253 325 4326 tio
346 4257 462 4324 minus
482 4265 569 4324 esset
587 4257 734 4344 idonea,
753 4260 817 4324 ubi
836 4256 1036 4340 eloquentis
1056 4255 1185 4334 majore
1198 4259 1347 4338 quedam
1359 4257 1396 4320 ri
1410 4258 1545 4337 flueret,
1565 4254 1678 4316 ebun-

188 4431 194 4442 ,
227 4433 231 4442 ,
273 4365 359 4430 dens
377 4363 581 4430 sonantibus
594 4363 709 4430 verbis
730 4362 961 4447 uberibusque
986 4360 1183 4448 sententiis,
1203 4370 1317 4427 tamen
1342 4359 1422 4427 ride
1447 4367 1578 4446 quanto
1605 4380 1684 4428 cum
