<?xml version="1.0" encoding="UTF-8"?>
<!DOCTYPE html PUBLIC "-//W3C//DTD XHTML 1.0 Transitional//EN"
    "http://www.w3.org/TR/xhtml1/DTD/xhtml1-transitional.dtd">
<html xmlns="http://www.w3.org/1999/xhtml" xml:lang="en" lang="en">
 <head>
  <title>
</title>
<meta http-equiv="Content-Type" content="text/html;charset=utf-8" />
  <meta name='ocr-system' content='tesseract 3.04.00' />
  <meta name='ocr-capabilities' content='ocr_page ocr_carea ocr_par ocr_line ocrx_word'/>
</head>
<body>
  <div class='ocr_page' id='page_1' title='image "./salustiiquaeexs02sallgoog_0170.png"; bbox 0 0 4106 4974; ppageno 0'>
   <div class='ocr_carea' id='block_1_1' title="bbox 270 409 1674 672">
    <p class='ocr_par' dir='ltr' id='par_1_1' title="bbox 270 409 1674 672">
     <span class='ocr_line' id='line_1_1' title="bbox 1530 409 1666 489; baseline 0.007 -1"><span class='ocrx_word' id='word_1_1' title='bbox 1530 433 1533 443; x_wconf 78' lang='grc'>’</span> <span class='ocrx_word' id='word_1_2' title='bbox 1600 409 1666 489; x_wconf 76' lang='lat'><strong>197</strong></span> 
     </span>
     <span class='ocr_line' id='line_1_2' title="bbox 270 579 1674 672; baseline 0.001 -20"><span class='ocrx_word' id='word_1_3' title='bbox 270 582 466 653; x_wconf 69' lang='lat' dir='ltr'>emittendis</span> <span class='ocrx_word' id='word_1_4' title='bbox 485 580 765 672; x_wconf 70' lang='lat' dir='ltr'>stringendisque</span> <span class='ocrx_word' id='word_1_5' title='bbox 783 581 868 650; x_wconf 82' lang='lat' dir='ltr'><strong>inde</strong></span> <span class='ocrx_word' id='word_1_6' title='bbox 887 579 1014 670; x_wconf 79' lang='lat' dir='ltr'><strong>gladiis</strong></span> <span class='ocrx_word' id='word_1_7' title='bbox 1033 589 1129 651; x_wconf 83' lang='lat' dir='ltr'><strong>esset.</strong></span> <span class='ocrx_word' id='word_1_8' title='bbox 1149 618 1191 637; x_wconf 90' lang='lat'><strong>·-</strong></span> <span class='ocrx_word' id='word_1_9' title='bbox 1211 580 1335 668; x_wconf 74' lang='lat' dir='ltr'><strong>officia</strong></span> <span class='ocrx_word' id='word_1_10' title='bbox 1355 580 1475 652; x_wconf 83' lang='lat' dir='ltr'><strong>simul.</strong></span> <span class='ocrx_word' id='word_1_11' title='bbox 1500 585 1560 651; x_wconf 82' lang='lat' dir='ltr'><strong>cir.</strong></span> <span class='ocrx_word' id='word_1_12' title='bbox 1581 591 1674 656; x_wconf 76' lang='lat' dir='ltr'><strong>nuri.</strong></span> 
     </span>
    </p>
   </div>
   <div class='ocr_carea' id='block_1_2' title="bbox 156 675 1677 780">
    <p class='ocr_par' dir='ltr' id='par_1_2' title="bbox 156 675 1677 780">
     <span class='ocr_line' id='line_1_3' title="bbox 156 675 1677 780; baseline 0.001 -22"><span class='ocrx_word' id='word_1_13' title='bbox 156 732 167 744; x_wconf 52' lang='grc' dir='ltr'><em>ι</em></span> <span class='ocrx_word' id='word_1_14' title='bbox 270 698 300 760; x_wconf 78' lang='grc'><strong>5.</strong></span> <span class='ocrx_word' id='word_1_15' title='bbox 326 715 372 762; x_wconf 84' lang='grc' dir='ltr'><strong>ιι.</strong></span> <span class='ocrx_word' id='word_1_16' title='bbox 393 715 422 774; x_wconf 87' lang='lat'><strong>7.</strong></span> <span class='ocrx_word' id='word_1_17' title='bbox 440 675 657 759; x_wconf 66' lang='lat' dir='ltr'><strong>Aesonio·</strong></span> <span class='ocrx_word' id='word_1_18' title='bbox 676 711 751 758; x_wconf 84' lang='lat' dir='ltr'><strong>non</strong></span> <span class='ocrx_word' id='word_1_19' title='bbox 772 688 877 756; x_wconf 87' lang='lat' dir='ltr'><strong>ducis</strong></span> <span class='ocrx_word' id='word_1_20' title='bbox 896 688 1015 780; x_wconf 81' lang='lat' dir='ltr'><strong>magis</strong></span> <span class='ocrx_word' id='word_1_21' title='bbox 1036 711 1146 775; x_wconf 81' lang='lat' dir='ltr'><strong>quam</strong></span> <span class='ocrx_word' id='word_1_22' title='bbox 1167 687 1297 755; x_wconf 81' lang='lat' dir='ltr'><strong>militis</strong></span> <span class='ocrx_word' id='word_1_23' title='bbox 1315 689 1443 756; x_wconf 84' lang='lat' dir='ltr'><strong>munia</strong></span> <span class='ocrx_word' id='word_1_24' title='bbox 1463 693 1677 775; x_wconf 74' lang='lat' dir='ltr'><strong>exsequeba-</strong></span> 
     </span>
    </p>
   </div>
   <div class='ocr_carea' id='block_1_3' title="bbox 159 791 1682 4356">
    <p class='ocr_par' dir='ltr' id='par_1_3' title="bbox 266 791 1679 1727">
     <span class='ocr_line' id='line_1_4' title="bbox 268 791 1678 881; baseline 0.004 -21"><span class='ocrx_word' id='word_1_25' title='bbox 268 803 343 863; x_wconf 85' lang='lat' dir='ltr'><strong>tur.</strong></span> <span class='ocrx_word' id='word_1_26' title='bbox 363 798 485 878; x_wconf 77' lang='lat' dir='ltr'><strong>Vellej.</strong></span> <span class='ocrx_word' id='word_1_27' title='bbox 507 816 537 863; x_wconf 81' lang='lat' dir='ltr'><strong>n.</strong></span> <span class='ocrx_word' id='word_1_28' title='bbox 559 821 587 867; x_wconf 86' lang='lat'><strong>1.</strong></span> <span class='ocrx_word' id='word_1_29' title='bbox 609 801 639 860; x_wconf 82' lang='lat' dir='ltr'><strong>ii.</strong></span> <span class='ocrx_word' id='word_1_30' title='bbox 670 797 888 862; x_wconf 80' lang='lat' dir='ltr'><strong>Mithridates</strong></span> <span class='ocrx_word' id='word_1_31' title='bbox 908 843 949 858; x_wconf 87' lang='lat'><strong>..</strong></span> <span class='ocrx_word' id='word_1_32' title='bbox 973 791 1138 860; x_wconf 73' lang='lat' dir='ltr'><strong>consitiis</strong></span> <span class='ocrx_word' id='word_1_33' title='bbox 1158 797 1252 881; x_wconf 75' lang='lat' dir='ltr'><strong>dur,</strong></span> <span class='ocrx_word' id='word_1_34' title='bbox 1274 793 1377 861; x_wconf 87' lang='lat' dir='ltr'><strong>miles</strong></span> <span class='ocrx_word' id='word_1_35' title='bbox 1396 819 1519 862; x_wconf 82' lang='lat' dir='ltr'><strong>manu.</strong></span> <span class='ocrx_word' id='word_1_36' title='bbox 1541 800 1631 864; x_wconf 84' lang='lat' dir='ltr'><strong>Flor.</strong></span> <span class='ocrx_word' id='word_1_37' title='bbox 1648 817 1678 878; x_wconf 78' lang='grc'><strong>4.</strong></span> 
     </span>
     <span class='ocr_line' id='line_1_5' title="bbox 269 897 1679 992; baseline 0.005 -27"><span class='ocrx_word' id='word_1_38' title='bbox 269 919 298 972; x_wconf 83' lang='lat' dir='ltr'><strong>s.</strong></span> <span class='ocrx_word' id='word_1_39' title='bbox 320 905 410 968; x_wconf 89' lang='lat' dir='ltr'><strong>Med.</strong></span> <span class='ocrx_word' id='word_1_40' title='bbox 433 904 579 969; x_wconf 81' lang='lat' dir='ltr'><strong>Multus</strong></span> <span class='ocrx_word' id='word_1_41' title='bbox 609 897 649 966; x_wconf 82' lang='lat' dir='ltr'><strong>in</strong></span> <span class='ocrx_word' id='word_1_42' title='bbox 671 923 712 967; x_wconf 90' lang='lat' dir='ltr'><strong>eo</strong></span> <span class='ocrx_word' id='word_1_43' title='bbox 729 900 875 985; x_wconf 83' lang='lat' dir='ltr'><strong>praelio</strong></span> <span class='ocrx_word' id='word_1_44' title='bbox 898 901 1038 968; x_wconf 85' lang='lat' dir='ltr'><strong>Caesar</strong></span> <span class='ocrx_word' id='word_1_45' title='bbox 1046 897 1150 992; x_wconf 72' lang='lat' dir='ltr'><strong>fuit,</strong></span> <span class='ocrx_word' id='word_1_46' title='bbox 1177 899 1391 984; x_wconf 83' lang='lat' dir='ltr'><strong>mediusque·</strong></span> <span class='ocrx_word' id='word_1_47' title='bbox 1404 902 1502 968; x_wconf 84' lang='lat' dir='ltr'><strong>inter</strong></span> <span class='ocrx_word' id='word_1_48' title='bbox 1523 927 1679 992; x_wconf 76' lang='lat' dir='ltr'><strong>impero·</strong></span> 
     </span>
     <span class='ocr_line' id='line_1_6' title="bbox 270 1003 1677 1097; baseline 0.005 -27"><span class='ocrx_word' id='word_1_49' title='bbox 270 1015 388 1074; x_wconf 85' lang='lat' dir='ltr'><strong>torem</strong></span> <span class='ocrx_word' id='word_1_50' title='bbox 409 1015 447 1072; x_wconf 86' lang='lat' dir='ltr'><strong>et</strong></span> <span class='ocrx_word' id='word_1_51' title='bbox 465 1003 670 1070; x_wconf 68' lang='lat' dir='ltr'><strong>milium.-</strong></span> <span class='ocrx_word' id='word_1_52' title='bbox 679 1007 833 1072; x_wconf 84' lang='lat' dir='ltr'><strong>tendere.</strong></span> <span class='ocrx_word' id='word_1_53' title='bbox 853 1008 1000 1072; x_wconf 81' lang='lat' dir='ltr'><strong>haeorox</strong></span> <span class='ocrx_word' id='word_1_54' title='bbox 1011 1009 1149 1071; x_wconf 82' lang='lat' dir='ltr'><strong>Donato</strong></span> <span class='ocrx_word' id='word_1_55' title='bbox 1167 1015 1255 1072; x_wconf 89' lang='lat' dir='ltr'><strong>&#39;teste</strong></span> <span class='ocrx_word' id='word_1_56' title='bbox 1275 1010 1320 1070; x_wconf 90' lang='lat' dir='ltr'><strong>ad</strong></span> <span class='ocrx_word' id='word_1_57' title='bbox 1340 1011 1426 1072; x_wconf 86' lang='lat' dir='ltr'><strong>Eun.</strong></span> <span class='ocrx_word' id='word_1_58' title='bbox 1439 1026 1470 1087; x_wconf 77' lang='lat'><strong>4.</strong></span> <span class='ocrx_word' id='word_1_59' title='bbox 1486 1033 1510 1074; x_wconf 91' lang='lat' dir='ltr'><strong>r.</strong></span> <span class='ocrx_word' id='word_1_60' title='bbox 1529 1031 1576 1087; x_wconf 72' lang='lat' dir='ltr'><strong>ss.</strong></span> <span class='ocrx_word' id='word_1_61' title='bbox 1591 1035 1677 1097; x_wconf 79' lang='lat' dir='ltr'><strong>per·</strong></span> 
     </span>
     <span class='ocr_line' id='line_1_7' title="bbox 270 1107 1676 1200; baseline 0.004 -23"><span class='ocrx_word' id='word_1_62' title='bbox 270 1112 428 1178; x_wconf 80' lang='lat' dir='ltr'><strong>tinacem</strong></span> <span class='ocrx_word' id='word_1_63' title='bbox 449 1111 620 1197; x_wconf 82' lang='lat' dir='ltr'><strong>significat</strong></span> <span class='ocrx_word' id='word_1_64' title='bbox 638 1107 923 1184; x_wconf 82' lang='lat' dir='ltr'><strong>contentionem.</strong></span> <span class='ocrx_word' id='word_1_65' title='bbox 963 1111 1025 1178; x_wconf 83' lang='lat' dir='ltr'><strong>cir.</strong></span> <span class='ocrx_word' id='word_1_66' title='bbox 1043 1113 1135 1176; x_wconf 80' lang='lat' dir='ltr'><strong>Serv.</strong></span> <span class='ocrx_word' id='word_1_67' title='bbox 1156 1116 1201 1177; x_wconf 91' lang='lat' dir='ltr'><strong>ad</strong></span> <span class='ocrx_word' id='word_1_68' title='bbox 1219 1113 1313 1200; x_wconf 85' lang='lat' dir='ltr'><strong>Virg.</strong></span> <span class='ocrx_word' id='word_1_69' title='bbox 1334 1118 1419 1178; x_wconf 84' lang='lat' dir='ltr'><strong>Aen.</strong></span> <span class='ocrx_word' id='word_1_70' title='bbox 1442 1138 1491 1190; x_wconf 73' lang='lat' dir='ltr'><strong>ss.</strong></span> <span class='ocrx_word' id='word_1_71' title='bbox 1512 1119 1582 1182; x_wconf 73' lang='grc'><strong>555.</strong></span> <span class='ocrx_word' id='word_1_72' title='bbox 1605 1139 1676 1182; x_wconf 84' lang='lat' dir='ltr'><strong>ma-</strong></span> 
     </span>
     <span class='ocr_line' id='line_1_8' title="bbox 268 1217 1675 1309; baseline 0.006 -28"><span class='ocrx_word' id='word_1_73' title='bbox 268 1237 341 1305; x_wconf 82' lang='lat' dir='ltr'><strong>gno</strong></span> <span class='ocrx_word' id='word_1_74' title='bbox 359 1217 546 1283; x_wconf 78' lang='lat' dir='ltr'><strong>certamine</strong></span> <span class='ocrx_word' id='word_1_75' title='bbox 566 1220 723 1282; x_wconf 86' lang='lat' dir='ltr'><strong>tendunt.</strong></span> <span class='ocrx_word' id='word_1_76' title='bbox 750 1217 862 1281; x_wconf 80' lang='lat' dir='ltr'><strong>Etiam</strong></span> <span class='ocrx_word' id='word_1_77' title='bbox 881 1217 999 1282; x_wconf 79' lang='lat' dir='ltr'><strong>Livius</strong></span> <span class='ocrx_word' id='word_1_78' title='bbox 1017 1217 1142 1302; x_wconf 70' lang='lat' dir='ltr'><strong>saepius</strong></span> <span class='ocrx_word' id='word_1_79' title='bbox 1160 1221 1268 1284; x_wconf 78' lang='lat' dir='ltr'><strong>verbo</strong></span> <span class='ocrx_word' id='word_1_80' title='bbox 1289 1220 1440 1306; x_wconf 81' lang='lat' dir='ltr'><strong>simplici</strong></span> <span class='ocrx_word' id='word_1_81' title='bbox 1451 1224 1597 1288; x_wconf 85' lang='lat' dir='ltr'><strong>tendere</strong></span> <span class='ocrx_word' id='word_1_82' title='bbox 1610 1245 1675 1309; x_wconf 89' lang='lat' dir='ltr'><strong>pro</strong></span> 
     </span>
     <span class='ocr_line' id='line_1_9' title="bbox 268 1321 1678 1414; baseline 0.005 -24"><span class='ocrx_word' id='word_1_83' title='bbox 268 1323 459 1410; x_wconf 89' lang='lat' dir='ltr'><strong>composito</strong></span> <span class='ocrx_word' id='word_1_84' title='bbox 478 1323 597 1387; x_wconf 88' lang='lat' dir='ltr'><strong>utitur.</strong></span> <span class='ocrx_word' id='word_1_85' title='bbox 627 1325 779 1395; x_wconf 83' lang='lat' dir='ltr'><strong>Gronov.</strong></span> <span class='ocrx_word' id='word_1_86' title='bbox 800 1326 844 1386; x_wconf 83' lang='lat' dir='ltr'><strong>ad</strong></span> <span class='ocrx_word' id='word_1_87' title='bbox 865 1324 938 1388; x_wconf 87' lang='lat' dir='ltr'><strong>Liv.</strong></span> <span class='ocrx_word' id='word_1_88' title='bbox 959 1327 1010 1388; x_wconf 78' lang='lat' dir='ltr'><strong>is.</strong></span> <span class='ocrx_word' id='word_1_89' title='bbox 1031 1327 1083 1398; x_wconf 71' lang='lat' dir='ltr'><strong>ds.</strong></span> <span class='ocrx_word' id='word_1_90' title='bbox 1098 1321 1284 1408; x_wconf 72' lang='lat' dir='ltr'><strong>pristinae</strong></span> <span class='ocrx_word' id='word_1_91' title='bbox 1303 1347 1402 1393; x_wconf 86' lang='lat' dir='ltr'><strong>suae.</strong></span> <span class='ocrx_word' id='word_1_92' title='bbox 1421 1347 1522 1412; x_wconf 88' lang='lat' dir='ltr'><strong>pron.</strong></span> <span class='ocrx_word' id='word_1_93' title='bbox 1544 1347 1678 1414; x_wconf 84' lang='lat' dir='ltr'><strong>posses·</strong></span> 
     </span>
     <span class='ocr_line' id='line_1_10' title="bbox 267 1427 1678 1525; baseline 0.004 -29"><span class='ocrx_word' id='word_1_94' title='bbox 267 1431 379 1496; x_wconf 83' lang='lat' dir='ltr'><strong>sivum</strong></span> <span class='ocrx_word' id='word_1_95' title='bbox 399 1432 634 1495; x_wconf 87' lang='lat' dir='ltr'><strong>omnesCodd.</strong></span> <span class='ocrx_word' id='word_1_96' title='bbox 654 1429 767 1494; x_wconf 88' lang='lat' dir='ltr'><strong>italici</strong></span> <span class='ocrx_word' id='word_1_97' title='bbox 788 1429 947 1496; x_wconf 76' lang='lat' dir='ltr'><strong>retinent.</strong></span> <span class='ocrx_word' id='word_1_98' title='bbox 971 1427 1032 1498; x_wconf 82' lang='lat' dir='ltr'><strong>cir.</strong></span> <span class='ocrx_word' id='word_1_99' title='bbox 1052 1449 1156 1515; x_wconf 87' lang='lat' dir='ltr'><strong>supra</strong></span> <span class='ocrx_word' id='word_1_100' title='bbox 1177 1453 1202 1496; x_wconf 92' lang='lat' dir='ltr'><strong>c.</strong></span> <span class='ocrx_word' id='word_1_101' title='bbox 1225 1435 1275 1512; x_wconf 85' lang='lat'><strong>⁵9·</strong></span> <span class='ocrx_word' id='word_1_102' title='bbox 1291 1427 1398 1522; x_wconf 84' lang='lat' dir='ltr'><strong>focis</strong></span> <span class='ocrx_word' id='word_1_103' title='bbox 1418 1432 1552 1498; x_wconf 76' lang='lat' dir='ltr'><strong>suia-</strong></span> <span class='ocrx_word' id='word_1_104' title='bbox 1560 1433 1678 1525; x_wconf 80' lang='lat' dir='ltr'><strong>digni-</strong></span> 
     </span>
     <span class='ocr_line' id='line_1_11' title="bbox 268 1532 1678 1623; baseline 0.004 -23"><span class='ocrx_word' id='word_1_105' title='bbox 268 1532 370 1602; x_wconf 81' lang='lat' dir='ltr'><strong>tatis.</strong></span> <span class='ocrx_word' id='word_1_106' title='bbox 391 1535 548 1622; x_wconf 76' lang='lat' dir='ltr'><strong>intellige</strong></span> <span class='ocrx_word' id='word_1_107' title='bbox 568 1535 805 1623; x_wconf 74' lang='lat' dir='ltr'><strong>magistratus,</strong></span> <span class='ocrx_word' id='word_1_108' title='bbox 832 1553 922 1618; x_wconf 85' lang='lat' dir='ltr'><strong>quos</strong></span> <span class='ocrx_word' id='word_1_109' title='bbox 939 1543 1106 1622; x_wconf 64' lang='lat' dir='ltr'><strong>gemeret,</strong></span> <span class='ocrx_word' id='word_1_110' title='bbox 1137 1545 1175 1602; x_wconf 82' lang='lat' dir='ltr'><strong>es</strong></span> <span class='ocrx_word' id='word_1_111' title='bbox 1199 1535 1459 1623; x_wconf 77' lang='lat' dir='ltr'><strong>auctoritatem,</strong></span> <span class='ocrx_word' id='word_1_112' title='bbox 1492 1559 1574 1622; x_wconf 76' lang='lat' dir='ltr'><strong>que-</strong></span> <span class='ocrx_word' id='word_1_113' title='bbox 1598 1543 1678 1606; x_wconf 76' lang='lat' dir='ltr'><strong>Sui-</strong></span> 
     </span>
     <span class='ocr_line' id='line_1_12' title="bbox 266 1641 782 1727; baseline 0 -19"><span class='ocrx_word' id='word_1_114' title='bbox 266 1642 358 1708; x_wconf 81' lang='lat' dir='ltr'><strong>ianis</strong></span> <span class='ocrx_word' id='word_1_115' title='bbox 378 1642 589 1727; x_wconf 86' lang='lat' dir='ltr'><strong>temporibus</strong></span> <span class='ocrx_word' id='word_1_116' title='bbox 608 1641 643 1708; x_wconf 89' lang='lat' dir='ltr'><strong>ei</strong></span> <span class='ocrx_word' id='word_1_117' title='bbox 661 1641 782 1710; x_wconf 72' lang='lat' dir='ltr'><strong>dierat.</strong></span> 
     </span>
    </p>

    <p class='ocr_par' dir='ltr' id='par_1_4' title="bbox 159 1747 1682 4356">
     <span class='ocr_line' id='line_1_13' title="bbox 348 1747 1676 1844; baseline 0.003 -32"><span class='ocrx_word' id='word_1_118' title='bbox 348 1750 429 1834; x_wconf 84' lang='lat' dir='ltr'><strong>Cap.</strong></span> <span class='ocrx_word' id='word_1_119' title='bbox 450 1747 534 1814; x_wconf 86' lang='lat' dir='ltr'><strong>LXI.</strong></span> <span class='ocrx_word' id='word_1_120' title='bbox 556 1756 636 1814; x_wconf 85' lang='lat' dir='ltr'><strong>tum</strong></span> <span class='ocrx_word' id='word_1_121' title='bbox 656 1771 749 1816; x_wconf 78' lang='lat' dir='ltr'><strong>vero.</strong></span> <span class='ocrx_word' id='word_1_122' title='bbox 770 1747 831 1816; x_wconf 83' lang='lat' dir='ltr'><strong>cir.</strong></span> <span class='ocrx_word' id='word_1_123' title='bbox 849 1769 953 1836; x_wconf 74' lang='lat' dir='ltr'><strong>supro</strong></span> <span class='ocrx_word' id='word_1_124' title='bbox 973 1771 1003 1825; x_wconf 56' lang='lat' dir='ltr'><strong>o,</strong></span> <span class='ocrx_word' id='word_1_125' title='bbox 1024 1755 1067 1832; x_wconf 77' lang='lat'><strong>³7</strong></span> <span class='ocrx_word' id='word_1_126' title='bbox 1086 1754 1122 1815; x_wconf 83' lang='lat' dir='ltr'><strong>et</strong></span> <span class='ocrx_word' id='word_1_127' title='bbox 1143 1751 1193 1818; x_wconf 83' lang='grc'><strong>58.</strong></span> <span class='ocrx_word' id='word_1_128' title='bbox 1230 1747 1325 1815; x_wconf 78' lang='lat' dir='ltr'><strong>ritus</strong></span> <span class='ocrx_word' id='word_1_129' title='bbox 1346 1759 1500 1844; x_wconf 68' lang='lat' dir='ltr'><strong>ceperat.</strong></span> <span class='ocrx_word' id='word_1_130' title='bbox 1521 1755 1613 1819; x_wconf 84' lang='lat' dir='ltr'><strong>Med.</strong></span> <span class='ocrx_word' id='word_1_131' title='bbox 1628 1771 1676 1818; x_wconf 81' lang='lat' dir='ltr'><strong>rs.</strong></span> 
     </span>
     <span class='ocr_line' id='line_1_14' title="bbox 266 1851 1678 1952; baseline 0.004 -33"><span class='ocrx_word' id='word_1_132' title='bbox 266 1856 389 1921; x_wconf 82' lang='lat' dir='ltr'><strong>locum</strong></span> <span class='ocrx_word' id='word_1_133' title='bbox 403 1855 610 1943; x_wconf 81' lang='lat' dir='ltr'><strong>pugnando</strong></span> <span class='ocrx_word' id='word_1_134' title='bbox 627 1857 727 1920; x_wconf 79' lang='lat' dir='ltr'><strong>cirus</strong></span> <span class='ocrx_word' id='word_1_135' title='bbox 746 1876 774 1918; x_wconf 66' lang='lat' dir='ltr'><strong>os</strong></span> <span class='ocrx_word' id='word_1_136' title='bbox 787 1858 862 1922; x_wconf 68' lang='lat' dir='ltr'><strong>tat.</strong></span> <span class='ocrx_word' id='word_1_137' title='bbox 877 1859 907 1924; x_wconf 91' lang='lat'><strong>5.</strong></span> <span class='ocrx_word' id='word_1_138' title='bbox 931 1851 1026 1920; x_wconf 79' lang='lat' dir='ltr'><strong>vivus</strong></span> <span class='ocrx_word' id='word_1_139' title='bbox 1044 1862 1248 1940; x_wconf 82' lang='lat' dir='ltr'><strong>acceperat.</strong></span> <span class='ocrx_word' id='word_1_140' title='bbox 1269 1856 1364 1920; x_wconf 83' lang='lat' dir='ltr'><strong>Eich.</strong></span> <span class='ocrx_word' id='word_1_141' title='bbox 1385 1856 1678 1952; x_wconf 65' lang='lat' dir='ltr'><strong>namrirusfor-</strong></span> 
     </span>
     <span class='ocr_line' id='line_1_15' title="bbox 267 1955 1677 2050; baseline 0.006 -29"><span class='ocrx_word' id='word_1_142' title='bbox 267 1966 305 2024; x_wconf 89' lang='lat' dir='ltr'><strong>te</strong></span> <span class='ocrx_word' id='word_1_143' title='bbox 325 1955 477 2044; x_wconf 83' lang='lat' dir='ltr'><strong>quisque</strong></span> <span class='ocrx_word' id='word_1_144' title='bbox 494 1979 600 2024; x_wconf 82' lang='lat' dir='ltr'><strong>suum</strong></span> <span class='ocrx_word' id='word_1_145' title='bbox 622 1961 763 2040; x_wconf 83' lang='lat' dir='ltr'><strong>locum,</strong></span> <span class='ocrx_word' id='word_1_146' title='bbox 795 1980 900 2044; x_wconf 78' lang='lat' dir='ltr'><strong>quem</strong></span> <span class='ocrx_word' id='word_1_147' title='bbox 913 1960 1122 2050; x_wconf 77' lang='lat' dir='ltr'><strong>pugnando</strong></span> <span class='ocrx_word' id='word_1_148' title='bbox 1143 1966 1299 2044; x_wconf 80' lang='lat' dir='ltr'><strong>ceperat.</strong></span> <span class='ocrx_word' id='word_1_149' title='bbox 1330 1965 1406 2027; x_wconf 82' lang='lat' dir='ltr'><strong>Vat.</strong></span> <span class='ocrx_word' id='word_1_150' title='bbox 1425 1967 1451 2025; x_wconf 86' lang='grc'><strong>6.</strong></span> <span class='ocrx_word' id='word_1_151' title='bbox 1493 1959 1589 2028; x_wconf 80' lang='lat' dir='ltr'><strong>virus</strong></span> <span class='ocrx_word' id='word_1_152' title='bbox 1608 1984 1677 2030; x_wconf 87' lang='lat' dir='ltr'><strong>om.</strong></span> 
     </span>
     <span class='ocr_line' id='line_1_16' title="bbox 265 2063 1676 2150; baseline 0 -19"><span class='ocrx_word' id='word_1_153' title='bbox 265 2065 341 2131; x_wconf 83' lang='lat' dir='ltr'><strong>Vat.</strong></span> <span class='ocrx_word' id='word_1_154' title='bbox 367 2087 394 2126; x_wconf 80' lang='lat' dir='ltr'><strong>u.</strong></span> <span class='ocrx_word' id='word_1_155' title='bbox 426 2065 483 2128; x_wconf 83' lang='lat' dir='ltr'><strong>cui</strong></span> <span class='ocrx_word' id='word_1_156' title='bbox 503 2065 688 2143; x_wconf 80' lang='lat' dir='ltr'><strong>assentior3</strong></span> <span class='ocrx_word' id='word_1_157' title='bbox 708 2066 777 2128; x_wconf 90' lang='lat' dir='ltr'><strong>hoo</strong></span> <span class='ocrx_word' id='word_1_158' title='bbox 797 2074 913 2128; x_wconf 88' lang='lat' dir='ltr'><strong>tamen</strong></span> <span class='ocrx_word' id='word_1_159' title='bbox 934 2067 1148 2148; x_wconf 85' lang='lat' dir='ltr'><strong>notandum,</strong></span> <span class='ocrx_word' id='word_1_160' title='bbox 1166 2083 1285 2128; x_wconf 79' lang='lat' dir='ltr'><strong>rocem</strong></span> <span class='ocrx_word' id='word_1_161' title='bbox 1305 2063 1406 2130; x_wconf 88' lang='lat' dir='ltr'><strong>istam</strong></span> <span class='ocrx_word' id='word_1_162' title='bbox 1421 2065 1495 2144; x_wconf 87' lang='lat' dir='ltr'><strong>jam</strong></span> <span class='ocrx_word' id='word_1_163' title='bbox 1509 2069 1676 2150; x_wconf 76' lang='lat' dir='ltr'><strong>antiquis-</strong></span> 
     </span>
     <span class='ocr_line' id='line_1_17' title="bbox 272 2165 1680 2257; baseline 0.006 -27"><span class='ocrx_word' id='word_1_164' title='bbox 272 2168 448 2232; x_wconf 81' lang='lat' dir='ltr'><strong>simorum</strong></span> <span class='ocrx_word' id='word_1_165' title='bbox 470 2170 771 2254; x_wconf 72' lang='lat' dir='ltr'><strong>grammaticorum</strong></span> <span class='ocrx_word' id='word_1_166' title='bbox 792 2173 1024 2234; x_wconf 82' lang='lat' dir='ltr'><strong>commentum</strong></span> <span class='ocrx_word' id='word_1_167' title='bbox 1044 2165 1177 2252; x_wconf 79' lang='lat' dir='ltr'><strong>videri,</strong></span> <span class='ocrx_word' id='word_1_168' title='bbox 1208 2168 1291 2251; x_wconf 75' lang='lat' dir='ltr'><strong>quis</strong></span> <span class='ocrx_word' id='word_1_169' title='bbox 1318 2171 1392 2234; x_wconf 75' lang='lat' dir='ltr'><strong>hec</strong></span> <span class='ocrx_word' id='word_1_170' title='bbox 1411 2173 1607 2257; x_wconf 74' lang='lat' dir='ltr'><strong>corruptela</strong></span> <span class='ocrx_word' id='word_1_171' title='bbox 1627 2182 1680 2238; x_wconf 87' lang='lat' dir='ltr'><strong>tot</strong></span> 
     </span>
     <span class='ocr_line' id='line_1_18' title="bbox 264 2270 1677 2361; baseline 0.006 -27"><span class='ocrx_word' id='word_1_172' title='bbox 264 2271 375 2336; x_wconf 89' lang='lat' dir='ltr'><strong>libros</strong></span> <span class='ocrx_word' id='word_1_173' title='bbox 382 2270 556 2342; x_wconf 82' lang='lat' dir='ltr'><strong>invaserit.</strong></span> <span class='ocrx_word' id='word_1_174' title='bbox 576 2273 707 2338; x_wconf 82' lang='lat' dir='ltr'><strong>Wussio</strong></span> <span class='ocrx_word' id='word_1_175' title='bbox 726 2273 838 2357; x_wconf 85' lang='lat' dir='ltr'><strong>enirn,</strong></span> <span class='ocrx_word' id='word_1_176' title='bbox 859 2271 921 2356; x_wconf 77' lang='lat' dir='ltr'><strong>qui</strong></span> <span class='ocrx_word' id='word_1_177' title='bbox 941 2270 1097 2355; x_wconf 87' lang='lat' dir='ltr'><strong>quinque</strong></span> <span class='ocrx_word' id='word_1_178' title='bbox 1116 2273 1224 2338; x_wconf 87' lang='lat' dir='ltr'><strong>libris·</strong></span> <span class='ocrx_word' id='word_1_179' title='bbox 1238 2274 1276 2337; x_wconf 90' lang='lat' dir='ltr'><strong>id</strong></span> <span class='ocrx_word' id='word_1_180' title='bbox 1296 2275 1413 2342; x_wconf 64' lang='lat' dir='ltr'><strong>abens</strong></span> <span class='ocrx_word' id='word_1_181' title='bbox 1437 2275 1543 2361; x_wconf 83' lang='lat' dir='ltr'><strong>dicit,</strong></span> <span class='ocrx_word' id='word_1_182' title='bbox 1561 2279 1677 2344; x_wconf 85' lang='lat' dir='ltr'><strong>nescio</strong></span> 
     </span>
     <span class='ocr_line' id='line_1_19' title="bbox 266 2377 1676 2465; baseline 0.008 -25"><span class='ocrx_word' id='word_1_183' title='bbox 266 2396 312 2440; x_wconf 84' lang='lat' dir='ltr'><strong>su</strong></span> <span class='ocrx_word' id='word_1_184' title='bbox 332 2377 422 2442; x_wconf 89' lang='lat' dir='ltr'><strong>tides·</strong></span> <span class='ocrx_word' id='word_1_185' title='bbox 438 2380 637 2465; x_wconf 82' lang='lat' dir='ltr'><strong>deroganda</strong></span> <span class='ocrx_word' id='word_1_186' title='bbox 651 2378 705 2442; x_wconf 89' lang='lat' dir='ltr'><strong>sit.</strong></span> <span class='ocrx_word' id='word_1_187' title='bbox 726 2383 791 2445; x_wconf 88' lang='lat' dir='ltr'><strong>sed</strong></span> <span class='ocrx_word' id='word_1_188' title='bbox 807 2381 900 2463; x_wconf 78' lang='lat' dir='ltr'><strong>apud</strong></span> <span class='ocrx_word' id='word_1_189' title='bbox 920 2379 1069 2462; x_wconf 87' lang='lat' dir='ltr'><strong>Florum,</strong></span> <span class='ocrx_word' id='word_1_190' title='bbox 1089 2379 1152 2461; x_wconf 90' lang='lat' dir='ltr'><strong>qui</strong></span> <span class='ocrx_word' id='word_1_191' title='bbox 1168 2379 1355 2444; x_wconf 70' lang='lat' dir='ltr'><strong>Salustium</strong></span> <span class='ocrx_word' id='word_1_192' title='bbox 1376 2401 1448 2445; x_wconf 87' lang='lat' dir='ltr'><strong>non</strong></span> <span class='ocrx_word' id='word_1_193' title='bbox 1468 2390 1603 2447; x_wconf 89' lang='lat' dir='ltr'><strong>secutus</strong></span> <span class='ocrx_word' id='word_1_194' title='bbox 1622 2401 1676 2450; x_wconf 85' lang='lat' dir='ltr'><strong>es.</strong></span> 
     </span>
     <span class='ocr_line' id='line_1_20' title="bbox 266 2481 1676 2571; baseline 0.006 -25"><span class='ocrx_word' id='word_1_195' title='bbox 266 2499 319 2567; x_wconf 88' lang='lat' dir='ltr'><strong>se,</strong></span> <span class='ocrx_word' id='word_1_196' title='bbox 339 2487 402 2548; x_wconf 90' lang='lat' dir='ltr'><strong>sed·</strong></span> <span class='ocrx_word' id='word_1_197' title='bbox 421 2483 636 2569; x_wconf 69' lang='lat' dir='ltr'><strong>exscripsisse</strong></span> <span class='ocrx_word' id='word_1_198' title='bbox 655 2482 812 2569; x_wconf 81' lang='lat' dir='ltr'><strong>videtur,</strong></span> <span class='ocrx_word' id='word_1_199' title='bbox 842 2483 1008 2549; x_wconf 87' lang='lat' dir='ltr'><strong>omissum</strong></span> <span class='ocrx_word' id='word_1_200' title='bbox 1029 2491 1090 2560; x_wconf 77' lang='lat' dir='ltr'><strong>est,</strong></span> <span class='ocrx_word' id='word_1_201' title='bbox 1118 2481 1179 2549; x_wconf 65' lang='lat' dir='ltr'><strong>cira</strong></span> <span class='ocrx_word' id='word_1_202' title='bbox 1198 2501 1230 2562; x_wconf 65' lang='lat' dir='ltr'><strong>s,</strong></span> <span class='ocrx_word' id='word_1_203' title='bbox 1254 2507 1283 2549; x_wconf 87' lang='lat' dir='ltr'><strong>r.</strong></span> <span class='ocrx_word' id='word_1_204' title='bbox 1304 2485 1365 2558; x_wconf 53' lang='lat' dir='ltr'><strong>tin»,</strong></span> <span class='ocrx_word' id='word_1_205' title='bbox 1409 2508 1512 2569; x_wconf 85' lang='lat' dir='ltr'><strong>quem</strong></span> <span class='ocrx_word' id='word_1_206' title='bbox 1533 2485 1676 2571; x_wconf 75' lang='lat' dir='ltr'><strong>quirin</strong></span> 
     </span>
     <span class='ocr_line' id='line_1_21' title="bbox 164 2571 1674 2681; baseline 0.005 -29"><span class='ocrx_word' id='word_1_207' title='bbox 164 2571 175 2586; x_wconf 60' lang='lat'><strong><em>¹</em></strong></span> <span class='ocrx_word' id='word_1_208' title='bbox 258 2591 466 2679; x_wconf 75' lang='lat' dir='ltr'><strong>pugnando</strong></span> <span class='ocrx_word' id='word_1_209' title='bbox 489 2600 635 2674; x_wconf 79' lang='lat' dir='ltr'><strong>ceperat</strong></span> <span class='ocrx_word' id='word_1_210' title='bbox 656 2594 799 2676; x_wconf 84' lang='lat' dir='ltr'><strong>Iocum,</strong></span> <span class='ocrx_word' id='word_1_211' title='bbox 821 2610 901 2652; x_wconf 83' lang='lat' dir='ltr'><strong>essm</strong></span> <span class='ocrx_word' id='word_1_212' title='bbox 921 2583 1058 2652; x_wconf 67' lang='lat' dir='ltr'><strong>amissa</strong></span> <span class='ocrx_word' id='word_1_213' title='bbox 1077 2586 1204 2654; x_wconf 80' lang='lat' dir='ltr'><strong>enimc</strong></span> <span class='ocrx_word' id='word_1_214' title='bbox 1218 2610 1375 2674; x_wconf 84' lang='lat' dir='ltr'><strong>corpore</strong></span> <span class='ocrx_word' id='word_1_215' title='bbox 1388 2591 1543 2681; x_wconf 78' lang='lat' dir='ltr'><strong>tegebat.</strong></span> <span class='ocrx_word' id='word_1_216' title='bbox 1556 2600 1591 2657; x_wconf 88' lang='lat' dir='ltr'><strong>et</strong></span> <span class='ocrx_word' id='word_1_217' title='bbox 1605 2593 1674 2660; x_wconf 87' lang='lat' dir='ltr'><strong>Dio</strong></span> 
     </span>
     <span class='ocr_line' id='line_1_22' title="bbox 167 2690 1674 2797; baseline 0.031 -81"><span class='ocrx_word' id='word_1_218' title='bbox 167 2711 169 2716; x_wconf 89' lang='lat'><em>.</em></span> <span class='ocrx_word' id='word_1_219' title='bbox 266 2696 357 2764; x_wconf 84' lang='lat' dir='ltr'><strong>Cass.</strong></span> <span class='ocrx_word' id='word_1_220' title='bbox 379 2699 429 2778; x_wconf 78' lang='lat'><strong>³7.</strong></span> <span class='ocrx_word' id='word_1_221' title='bbox 451 2711 504 2773; x_wconf 73' lang='lat' dir='ltr'><strong>io,</strong></span> <span class='ocrx_word' id='word_1_222' title='bbox 528 2694 583 2768; x_wconf 61' lang='lat' dir='ltr'><strong>sal</strong></span> <span class='ocrx_word' id='word_1_223' title='bbox 601 2696 633 2766; x_wconf 68' lang='lat' dir='ltr'><strong>ir</strong></span> <span class='ocrx_word' id='word_1_224' title='bbox 652 2695 749 2797; x_wconf 53' lang='lat' dir='ltr'><strong>pipp</strong></span> <span class='ocrx_word' id='word_1_225' title='bbox 767 2692 871 2772; x_wconf 54' lang='lat' dir='ltr'><strong>virle</strong></span> <span class='ocrx_word' id='word_1_226' title='bbox 888 2690 1000 2766; x_wconf 58' lang='grc' dir='ltr'><strong>ἕπου.</strong></span> <span class='ocrx_word' id='word_1_227' title='bbox 1028 2693 1088 2763; x_wconf 85' lang='lat' dir='ltr'><strong>cir.</strong></span> <span class='ocrx_word' id='word_1_228' title='bbox 1109 2695 1188 2760; x_wconf 79' lang='lat' dir='ltr'><strong>loce</strong></span> <span class='ocrx_word' id='word_1_229' title='bbox 1208 2696 1356 2781; x_wconf 79' lang='lat' dir='ltr'><strong>similia,</strong></span> <span class='ocrx_word' id='word_1_230' title='bbox 1376 2697 1502 2761; x_wconf 79' lang='lat' dir='ltr'><strong>lustin.</strong></span> <span class='ocrx_word' id='word_1_231' title='bbox 1523 2703 1551 2765; x_wconf 85' lang='lat' dir='ltr'><strong>i.</strong></span> <span class='ocrx_word' id='word_1_232' title='bbox 1572 2719 1603 2778; x_wconf 84' lang='lat'><strong>9.</strong></span> <span class='ocrx_word' id='word_1_233' title='bbox 1625 2721 1674 2763; x_wconf 81' lang='lat' dir='ltr'><strong>io.</strong></span> 
     </span>
     <span class='ocr_line' id='line_1_23' title="bbox 265 2799 1675 2886; baseline 0.003 -24"><span class='ocrx_word' id='word_1_234' title='bbox 265 2805 356 2867; x_wconf 78' lang='lat' dir='ltr'><strong>Curi.</strong></span> <span class='ocrx_word' id='word_1_235' title='bbox 376 2805 406 2864; x_wconf 82' lang='lat' dir='ltr'><strong>i.</strong></span> <span class='ocrx_word' id='word_1_236' title='bbox 429 2823 477 2868; x_wconf 87' lang='lat' dir='ltr'><strong>rr.</strong></span> <span class='ocrx_word' id='word_1_237' title='bbox 490 2825 520 2883; x_wconf 82' lang='lat'><strong>9.</strong></span> <span class='ocrx_word' id='word_1_238' title='bbox 542 2823 634 2886; x_wconf 80' lang='lat' dir='ltr'><strong>quos</strong></span> <span class='ocrx_word' id='word_1_239' title='bbox 653 2801 800 2872; x_wconf 86' lang='lat' dir='ltr'><strong>medios.</strong></span> <span class='ocrx_word' id='word_1_240' title='bbox 823 2799 960 2866; x_wconf 88' lang='lat' dir='ltr'><strong>medios</strong></span> <span class='ocrx_word' id='word_1_241' title='bbox 979 2820 1035 2865; x_wconf 81' lang='lat' dir='ltr'><strong>me</strong></span> <span class='ocrx_word' id='word_1_242' title='bbox 1055 2801 1166 2866; x_wconf 79' lang='lat' dir='ltr'><strong>invito</strong></span> <span class='ocrx_word' id='word_1_243' title='bbox 1187 2803 1331 2880; x_wconf 72' lang='lat' dir='ltr'><strong>excidit,</strong></span> <span class='ocrx_word' id='word_1_244' title='bbox 1353 2821 1425 2866; x_wconf 89' lang='lat' dir='ltr'><strong>non</strong></span> <span class='ocrx_word' id='word_1_245' title='bbox 1446 2804 1560 2866; x_wconf 89' lang='lat' dir='ltr'><strong>solum</strong></span> <span class='ocrx_word' id='word_1_246' title='bbox 1580 2803 1675 2867; x_wconf 87' lang='lat' dir='ltr'><strong>enim</strong></span> 
     </span>
     <span class='ocr_line' id='line_1_24' title="bbox 265 2895 1678 2991; baseline 0.002 -22"><span class='ocrx_word' id='word_1_247' title='bbox 265 2924 386 2970; x_wconf 87' lang='lat' dir='ltr'><strong>omnes</strong></span> <span class='ocrx_word' id='word_1_248' title='bbox 406 2909 516 2970; x_wconf 84' lang='lat' dir='ltr'><strong>codd.</strong></span> <span class='ocrx_word' id='word_1_249' title='bbox 534 2907 573 2970; x_wconf 90' lang='lat' dir='ltr'><strong>id</strong></span> <span class='ocrx_word' id='word_1_250' title='bbox 593 2906 821 2988; x_wconf 82' lang='lat' dir='ltr'><strong>confirmant,</strong></span> <span class='ocrx_word' id='word_1_251' title='bbox 839 2907 900 2968; x_wconf 85' lang='lat' dir='ltr'><strong>sed</strong></span> <span class='ocrx_word' id='word_1_252' title='bbox 920 2903 1025 2966; x_wconf 88' lang='lat' dir='ltr'><strong>etiam</strong></span> <span class='ocrx_word' id='word_1_253' title='bbox 1044 2913 1186 2988; x_wconf 87' lang='lat' dir='ltr'><strong>propter</strong></span> <span class='ocrx_word' id='word_1_254' title='bbox 1200 2925 1336 2970; x_wconf 87' lang='lat' dir='ltr'><strong>sensum</strong></span> <span class='ocrx_word' id='word_1_255' title='bbox 1349 2905 1489 2971; x_wconf 78' lang='lat' dir='ltr'><strong>defendi</strong></span> <span class='ocrx_word' id='word_1_256' title='bbox 1504 2895 1605 2991; x_wconf 83' lang='lat' dir='ltr'><strong>posse</strong></span> <span class='ocrx_word' id='word_1_257' title='bbox 1626 2908 1678 2972; x_wconf 80' lang='lat' dir='ltr'><strong>vi-</strong></span> 
     </span>
     <span class='ocr_line' id='line_1_25' title="bbox 266 3005 1675 3093; baseline 0.001 -21"><span class='ocrx_word' id='word_1_258' title='bbox 266 3011 377 3084; x_wconf 83' lang='lat' dir='ltr'><strong>detur,</strong></span> <span class='ocrx_word' id='word_1_259' title='bbox 398 3005 509 3074; x_wconf 85' lang='lat' dir='ltr'><strong>medii</strong></span> <span class='ocrx_word' id='word_1_260' title='bbox 525 3009 620 3073; x_wconf 89' lang='lat' dir='ltr'><strong>enim</strong></span> <span class='ocrx_word' id='word_1_261' title='bbox 640 3009 825 3093; x_wconf 83' lang='lat' dir='ltr'><strong>dicuntur,</strong></span> <span class='ocrx_word' id='word_1_262' title='bbox 845 3008 964 3091; x_wconf 86' lang='lat' dir='ltr'><strong>quiin</strong></span> <span class='ocrx_word' id='word_1_263' title='bbox 993 3008 1109 3072; x_wconf 82' lang='lat' dir='ltr'><strong>media</strong></span> <span class='ocrx_word' id='word_1_264' title='bbox 1135 3009 1210 3073; x_wconf 88' lang='lat' dir='ltr'><strong>acie</strong></span> <span class='ocrx_word' id='word_1_265' title='bbox 1234 3009 1339 3073; x_wconf 86' lang='lat' dir='ltr'><strong>locati</strong></span> <span class='ocrx_word' id='word_1_266' title='bbox 1368 3010 1528 3090; x_wconf 65' lang='lat' dir='ltr'><strong>fuerant,¹</strong></span> <span class='ocrx_word' id='word_1_267' title='bbox 1550 3013 1589 3074; x_wconf 90' lang='lat' dir='ltr'><strong>in</strong></span> <span class='ocrx_word' id='word_1_268' title='bbox 1616 3032 1675 3080; x_wconf 80' lang='lat' dir='ltr'><strong>eos</strong></span> 
     </span>
     <span class='ocr_line' id='line_1_26' title="bbox 266 3110 1674 3200; baseline 0.004 -21"><span class='ocrx_word' id='word_1_269' title='bbox 266 3113 362 3179; x_wconf 82' lang='lat' dir='ltr'><strong>enim</strong></span> <span class='ocrx_word' id='word_1_270' title='bbox 383 3110 536 3192; x_wconf 87' lang='lat' dir='ltr'><strong>Petrejns</strong></span> <span class='ocrx_word' id='word_1_271' title='bbox 556 3112 951 3198; x_wconf 76' lang='lat' dir='ltr'><strong>cohortempraetorism</strong></span> <span class='ocrx_word' id='word_1_272' title='bbox 970 3111 1179 3176; x_wconf 81' lang='lat' dir='ltr'><strong>induxerat·</strong></span> <span class='ocrx_word' id='word_1_273' title='bbox 1201 3115 1278 3176; x_wconf 80' lang='lat' dir='ltr'><strong>Jasn</strong></span> <span class='ocrx_word' id='word_1_274' title='bbox 1299 3115 1367 3177; x_wconf 88' lang='lat' dir='ltr'><strong>hoo</strong></span> <span class='ocrx_word' id='word_1_275' title='bbox 1387 3113 1502 3179; x_wconf 88' lang='lat' dir='ltr'><strong>omitti</strong></span> <span class='ocrx_word' id='word_1_276' title='bbox 1522 3115 1674 3200; x_wconf 84' lang='lat' dir='ltr'><strong>potuisse</strong></span> 
     </span>
     <span class='ocr_line' id='line_1_27' title="bbox 266 3212 1676 3308; baseline 0.003 -24"><span class='ocrx_word' id='word_1_277' title='bbox 266 3239 339 3284; x_wconf 80' lang='lat' dir='ltr'><strong>non</strong></span> <span class='ocrx_word' id='word_1_278' title='bbox 361 3239 471 3308; x_wconf 81' lang='lat' dir='ltr'><strong>nego,</strong></span> <span class='ocrx_word' id='word_1_279' title='bbox 488 3221 549 3285; x_wconf 87' lang='lat' dir='ltr'><strong>sed</strong></span> <span class='ocrx_word' id='word_1_280' title='bbox 567 3217 634 3284; x_wconf 88' lang='lat' dir='ltr'><strong>hac</strong></span> <span class='ocrx_word' id='word_1_281' title='bbox 653 3219 697 3282; x_wconf 89' lang='lat' dir='ltr'><strong>de</strong></span> <span class='ocrx_word' id='word_1_282' title='bbox 717 3236 817 3282; x_wconf 81' lang='lat' dir='ltr'><strong>censa</strong></span> <span class='ocrx_word' id='word_1_283' title='bbox 836 3216 904 3285; x_wconf 83' lang='lat' dir='ltr'><strong>Sal.</strong></span> <span class='ocrx_word' id='word_1_284' title='bbox 923 3217 1097 3284; x_wconf 78' lang='lat' dir='ltr'><strong>addidisse</strong></span> <span class='ocrx_word' id='word_1_285' title='bbox 1116 3218 1273 3304; x_wconf 84' lang='lat' dir='ltr'><strong>videtur,</strong></span> <span class='ocrx_word' id='word_1_286' title='bbox 1294 3228 1332 3283; x_wconf 90' lang='lat' dir='ltr'><strong>ut</strong></span> <span class='ocrx_word' id='word_1_287' title='bbox 1353 3221 1523 3286; x_wconf 84' lang='lat' dir='ltr'><strong>eos-solos</strong></span> <span class='ocrx_word' id='word_1_288' title='bbox 1543 3212 1676 3308; x_wconf 80' lang='lat' dir='ltr'><strong>disper·</strong></span> 
     </span>
     <span class='ocr_line' id='line_1_28' title="bbox 266 3316 1680 3411; baseline 0.002 -21"><span class='ocrx_word' id='word_1_289' title='bbox 266 3341 322 3390; x_wconf 85' lang='lat' dir='ltr'><strong>sos</strong></span> <span class='ocrx_word' id='word_1_290' title='bbox 342 3325 453 3391; x_wconf 78' lang='lat' dir='ltr'><strong>fuisse·</strong></span> <span class='ocrx_word' id='word_1_291' title='bbox 467 3328 615 3391; x_wconf 85' lang='lat' dir='ltr'><strong>doceret.</strong></span> <span class='ocrx_word' id='word_1_292' title='bbox 655 3325 716 3390; x_wconf 90' lang='lat' dir='ltr'><strong>sed</strong></span> <span class='ocrx_word' id='word_1_293' title='bbox 747 3316 840 3387; x_wconf 87' lang='lat' dir='ltr'><strong>liunc</strong></span> <span class='ocrx_word' id='word_1_294' title='bbox 859 3341 997 3387; x_wconf 84' lang='lat' dir='ltr'><strong>sensum</strong></span> <span class='ocrx_word' id='word_1_295' title='bbox 1027 3323 1131 3389; x_wconf 89' lang='lat' dir='ltr'><strong>nimis</strong></span> <span class='ocrx_word' id='word_1_296' title='bbox 1158 3325 1336 3411; x_wconf 73' lang='lat' dir='ltr'><strong>vulgarem</strong></span> <span class='ocrx_word' id='word_1_297' title='bbox 1357 3325 1442 3390; x_wconf 87' lang='lat' dir='ltr'><strong>dicit</strong></span> <span class='ocrx_word' id='word_1_298' title='bbox 1462 3330 1555 3393; x_wconf 85' lang='lat' dir='ltr'><strong>Cort.</strong></span> <span class='ocrx_word' id='word_1_299' title='bbox 1577 3331 1680 3411; x_wconf 82' lang='lat' dir='ltr'><strong>qussi·</strong></span> 
     </span>
     <span class='ocr_line' id='line_1_29' title="bbox 271 3429 1675 3520; baseline 0.003 -25"><span class='ocrx_word' id='word_1_300' title='bbox 271 3431 390 3496; x_wconf 83' lang='lat' dir='ltr'><strong>omnis</strong></span> <span class='ocrx_word' id='word_1_301' title='bbox 399 3431 574 3496; x_wconf 81' lang='lat' dir='ltr'><strong>Salustiis</strong></span> <span class='ocrx_word' id='word_1_302' title='bbox 595 3429 843 3496; x_wconf 87' lang='lat' dir='ltr'><strong>consuetudine</strong></span> <span class='ocrx_word' id='word_1_303' title='bbox 860 3429 974 3511; x_wconf 85' lang='lat' dir='ltr'><strong>aliena</strong></span> <span class='ocrx_word' id='word_1_304' title='bbox 985 3449 1058 3495; x_wconf 84' lang='lat' dir='ltr'><strong>esse</strong></span> <span class='ocrx_word' id='word_1_305' title='bbox 1072 3429 1231 3495; x_wconf 86' lang='lat' dir='ltr'><strong>debeant.</strong></span> <span class='ocrx_word' id='word_1_306' title='bbox 1251 3435 1345 3514; x_wconf 87' lang='lat' dir='ltr'><strong>quod</strong></span> <span class='ocrx_word' id='word_1_307' title='bbox 1360 3431 1452 3496; x_wconf 90' lang='lat' dir='ltr'><strong>idem</strong></span> <span class='ocrx_word' id='word_1_308' title='bbox 1467 3442 1570 3520; x_wconf 78' lang='lat' dir='ltr'><strong>negat</strong></span> <span class='ocrx_word' id='word_1_309' title='bbox 1585 3437 1675 3498; x_wconf 81' lang='lat' dir='ltr'><strong>hanc</strong></span> 
     </span>
     <span class='ocr_line' id='line_1_30' title="bbox 264 3531 1675 3628; baseline 0.002 -27"><span class='ocrx_word' id='word_1_310' title='bbox 264 3557 384 3602; x_wconf 80' lang='lat' dir='ltr'><strong>vocem</strong></span> <span class='ocrx_word' id='word_1_311' title='bbox 403 3536 583 3602; x_wconf 88' lang='lat' dir='ltr'><strong>conciliari</strong></span> <span class='ocrx_word' id='word_1_312' title='bbox 601 3555 702 3622; x_wconf 85' lang='lat' dir='ltr'><strong>posse</strong></span> <span class='ocrx_word' id='word_1_313' title='bbox 724 3557 803 3601; x_wconf 86' lang='lat' dir='ltr'><strong>enm</strong></span> <span class='ocrx_word' id='word_1_314' title='bbox 818 3535 922 3600; x_wconf 86' lang='lat' dir='ltr'><strong>verbo</strong></span> <span class='ocrx_word' id='word_1_315' title='bbox 942 3531 1124 3628; x_wconf 74' lang='lat' dir='ltr'><strong>disjicere,</strong></span> <span class='ocrx_word' id='word_1_316' title='bbox 1147 3535 1209 3604; x_wconf 82' lang='lat' dir='ltr'><strong>tali</strong></span> <span class='ocrx_word' id='word_1_317' title='bbox 1229 3537 1474 3603; x_wconf 78' lang='lat' dir='ltr'><strong>conciliatione</strong></span> <span class='ocrx_word' id='word_1_318' title='bbox 1494 3559 1567 3606; x_wconf 92' lang='lat' dir='ltr'><strong>non</strong></span> <span class='ocrx_word' id='word_1_319' title='bbox 1589 3561 1675 3625; x_wconf 87' lang='lat' dir='ltr'><strong>opus</strong></span> 
     </span>
     <span class='ocr_line' id='line_1_31' title="bbox 268 3637 1672 3734; baseline 0 -28"><span class='ocrx_word' id='word_1_320' title='bbox 268 3649 337 3720; x_wconf 71' lang='lat' dir='ltr'><strong>est,</strong></span> <span class='ocrx_word' id='word_1_321' title='bbox 358 3662 438 3707; x_wconf 82' lang='lat' dir='ltr'><strong>nam</strong></span> <span class='ocrx_word' id='word_1_322' title='bbox 458 3637 596 3709; x_wconf 85' lang='lat' dir='ltr'><strong>medios</strong></span> <span class='ocrx_word' id='word_1_323' title='bbox 616 3661 688 3706; x_wconf 92' lang='lat' dir='ltr'><strong>non</strong></span> <span class='ocrx_word' id='word_1_324' title='bbox 709 3643 867 3708; x_wconf 71' lang='lat' dir='ltr'><strong>additum</strong></span> <span class='ocrx_word' id='word_1_325' title='bbox 887 3648 956 3726; x_wconf 87' lang='lat' dir='ltr'><strong>est,</strong></span> <span class='ocrx_word' id='word_1_326' title='bbox 981 3651 1019 3706; x_wconf 92' lang='lat' dir='ltr'><strong>ut</strong></span> <span class='ocrx_word' id='word_1_327' title='bbox 1039 3641 1092 3705; x_wconf 81' lang='lat' dir='ltr'><strong>ris</strong></span> <span class='ocrx_word' id='word_1_328' title='bbox 1118 3641 1217 3705; x_wconf 81' lang='lat' dir='ltr'><strong>verbi</strong></span> <span class='ocrx_word' id='word_1_329' title='bbox 1244 3639 1413 3734; x_wconf 83' lang='lat' dir='ltr'><strong>disjicere</strong></span> <span class='ocrx_word' id='word_1_330' title='bbox 1433 3643 1672 3709; x_wconf 83' lang='lat' dir='ltr'><strong>illustraretur.</strong></span> 
     </span>
     <span class='ocr_line' id='line_1_32' title="bbox 269 3743 1674 3829; baseline 0.005 -20"><span class='ocrx_word' id='word_1_331' title='bbox 269 3743 446 3811; x_wconf 79' lang='lat' dir='ltr'><strong>divorsius</strong></span> <span class='ocrx_word' id='word_1_332' title='bbox 464 3745 489 3814; x_wconf 90' lang='lat' dir='ltr'><strong>i.</strong></span> <span class='ocrx_word' id='word_1_333' title='bbox 508 3765 537 3812; x_wconf 70' lang='lat' dir='ltr'><strong>ss</strong></span> <span class='ocrx_word' id='word_1_334' title='bbox 559 3745 674 3810; x_wconf 88' lang='lat' dir='ltr'><strong>minus</strong></span> <span class='ocrx_word' id='word_1_335' title='bbox 695 3745 859 3810; x_wconf 82' lang='lat' dir='ltr'><strong>confertis</strong></span> <span class='ocrx_word' id='word_1_336' title='bbox 877 3746 1075 3829; x_wconf 86' lang='lat' dir='ltr'><strong>ordinibus,</strong></span> <span class='ocrx_word' id='word_1_337' title='bbox 1094 3744 1239 3808; x_wconf 80' lang='lat' dir='ltr'><strong>divorsis</strong></span> <span class='ocrx_word' id='word_1_338' title='bbox 1254 3746 1350 3808; x_wconf 90' lang='lat' dir='ltr'><strong>locis.</strong></span> <span class='ocrx_word' id='word_1_339' title='bbox 1371 3745 1531 3812; x_wconf 76' lang='lat' dir='ltr'><strong>advorsis</strong></span> <span class='ocrx_word' id='word_1_340' title='bbox 1552 3751 1674 3816; x_wconf 83' lang='lat' dir='ltr'><strong>uolne-</strong></span> 
     </span>
     <span class='ocr_line' id='line_1_33' title="bbox 267 3849 1680 3935; baseline 0.004 -20"><span class='ocrx_word' id='word_1_341' title='bbox 267 3851 333 3915; x_wconf 84' lang='lat' dir='ltr'><strong>rib.</strong></span> <span class='ocrx_word' id='word_1_342' title='bbox 355 3851 384 3916; x_wconf 74' lang='lat' dir='ltr'><strong>i.</strong></span> <span class='ocrx_word' id='word_1_343' title='bbox 399 3871 426 3918; x_wconf 87' lang='lat' dir='ltr'><strong>o.</strong></span> <span class='ocrx_word' id='word_1_344' title='bbox 460 3854 605 3918; x_wconf 84' lang='lat' dir='ltr'><strong>advorso</strong></span> <span class='ocrx_word' id='word_1_345' title='bbox 632 3869 776 3935; x_wconf 87' lang='lat' dir='ltr'><strong>corpore</strong></span> <span class='ocrx_word' id='word_1_346' title='bbox 814 3861 977 3934; x_wconf 80' lang='lat' dir='ltr'><strong>acceptas.</strong></span> <span class='ocrx_word' id='word_1_347' title='bbox 998 3857 1124 3933; x_wconf 82' lang='lat' dir='ltr'><strong>ettam,</strong></span> <span class='ocrx_word' id='word_1_348' title='bbox 1144 3852 1239 3932; x_wconf 88' lang='lat' dir='ltr'><strong>quod</strong></span> <span class='ocrx_word' id='word_1_349' title='bbox 1255 3849 1388 3932; x_wconf 72' lang='lat' dir='ltr'><strong>¹uulgus</strong></span> <span class='ocrx_word' id='word_1_350' title='bbox 1408 3850 1529 3915; x_wconf 80' lang='lat' dir='ltr'><strong>adhuc</strong></span> <span class='ocrx_word' id='word_1_351' title='bbox 1558 3853 1680 3920; x_wconf 88' lang='lat' dir='ltr'><strong>dicere·</strong></span> 
     </span>
     <span class='ocr_line' id='line_1_34' title="bbox 268 3949 1672 4040; baseline 0.001 -20"><span class='ocrx_word' id='word_1_352' title='bbox 268 3958 365 4022; x_wconf 87' lang='lat' dir='ltr'><strong>solet.</strong></span> <span class='ocrx_word' id='word_1_353' title='bbox 380 3956 441 4022; x_wconf 82' lang='lat' dir='ltr'><strong>cir.</strong></span> <span class='ocrx_word' id='word_1_354' title='bbox 465 3958 713 4022; x_wconf 67' lang='lat' dir='ltr'><strong>Terentsindr.</strong></span> <span class='ocrx_word' id='word_1_355' title='bbox 728 3961 756 4039; x_wconf 68' lang='grc'><strong>5.</strong></span> <span class='ocrx_word' id='word_1_356' title='bbox 773 3972 801 4022; x_wconf 81' lang='lat' dir='ltr'><strong>i.</strong></span> <span class='ocrx_word' id='word_1_357' title='bbox 815 3959 864 4018; x_wconf 81' lang='lat' dir='ltr'><strong>si.</strong></span> <span class='ocrx_word' id='word_1_358' title='bbox 886 3975 962 4019; x_wconf 82' lang='lat' dir='ltr'><strong>non</strong></span> <span class='ocrx_word' id='word_1_359' title='bbox 981 3950 1075 4017; x_wconf 85' lang='lat' dir='ltr'><strong>satis</strong></span> <span class='ocrx_word' id='word_1_360' title='bbox 1095 3975 1152 4019; x_wconf 86' lang='lat' dir='ltr'><strong>me</strong></span> <span class='ocrx_word' id='word_1_361' title='bbox 1165 3949 1338 4038; x_wconf 83' lang='lat' dir='ltr'><strong>pernosti</strong></span> <span class='ocrx_word' id='word_1_362' title='bbox 1356 3953 1489 4038; x_wconf 83' lang='lat' dir='ltr'><strong>etiam,</strong></span> <span class='ocrx_word' id='word_1_363' title='bbox 1511 3952 1579 4040; x_wconf 82' lang='lat' dir='ltr'><strong>qui</strong></span> <span class='ocrx_word' id='word_1_364' title='bbox 1594 3954 1672 4023; x_wconf 71' lang='lat' dir='ltr'><strong>sim·</strong></span> 
     </span>
     <span class='ocr_line' id='line_1_35' title="bbox 271 4054 1672 4144; baseline 0.001 -21"><span class='ocrx_word' id='word_1_365' title='bbox 271 4062 381 4124; x_wconf 85' lang='lat' dir='ltr'><strong>Plaut.</strong></span> <span class='ocrx_word' id='word_1_366' title='bbox 403 4065 501 4144; x_wconf 79' lang='lat' dir='ltr'><strong>Capi.</strong></span> <span class='ocrx_word' id='word_1_367' title='bbox 520 4061 612 4126; x_wconf 92' lang='lat' dir='ltr'><strong>Prol.</strong></span> <span class='ocrx_word' id='word_1_368' title='bbox 630 4061 681 4134; x_wconf 83' lang='grc'><strong>55.</strong></span> <span class='ocrx_word' id='word_1_369' title='bbox 721 4054 915 4125; x_wconf 82' lang='lat' dir='ltr'><strong>sedetiam</strong></span> <span class='ocrx_word' id='word_1_370' title='bbox 936 4067 1005 4140; x_wconf 88' lang='lat' dir='ltr'><strong>est,</strong></span> <span class='ocrx_word' id='word_1_371' title='bbox 1020 4054 1154 4143; x_wconf 71' lang='lat' dir='ltr'><strong>paucis</strong></span> <span class='ocrx_word' id='word_1_372' title='bbox 1176 4079 1235 4124; x_wconf 82' lang='lat' dir='ltr'><strong>vos</strong></span> <span class='ocrx_word' id='word_1_373' title='bbox 1256 4058 1357 4141; x_wconf 83' lang='lat' dir='ltr'><strong>quod</strong></span> <span class='ocrx_word' id='word_1_374' title='bbox 1372 4057 1534 4125; x_wconf 84' lang='lat' dir='ltr'><strong>monitos</strong></span> <span class='ocrx_word' id='word_1_375' title='bbox 1554 4065 1672 4126; x_wconf 84' lang='lat' dir='ltr'><strong>volue-</strong></span> 
     </span>
     <span class='ocr_line' id='line_1_36' title="bbox 159 4159 1682 4254; baseline -0.001 -25"><span class='ocrx_word' id='word_1_376' title='bbox 159 4221 164 4238; x_wconf 85' lang='grc'>,</span> <span class='ocrx_word' id='word_1_377' title='bbox 270 4167 403 4229; x_wconf 80' lang='lat' dir='ltr'><strong>rim.-</strong></span> <span class='ocrx_word' id='word_1_378' title='bbox 416 4162 541 4252; x_wconf 76' lang='lat' dir='ltr'><strong>juxto.</strong></span> <span class='ocrx_word' id='word_1_379' title='bbox 558 4165 618 4234; x_wconf 80' lang='lat' dir='ltr'><strong>cir.</strong></span> <span class='ocrx_word' id='word_1_380' title='bbox 632 4184 735 4248; x_wconf 80' lang='lat' dir='ltr'><strong>supra</strong></span> <span class='ocrx_word' id='word_1_381' title='bbox 755 4185 786 4238; x_wconf 82' lang='lat' dir='ltr'><strong>c:</strong></span> <span class='ocrx_word' id='word_1_382' title='bbox 799 4183 827 4228; x_wconf 80' lang='lat'><strong>2.</strong></span> <span class='ocrx_word' id='word_1_383' title='bbox 839 4159 1099 4254; x_wconf 84' lang='lat' dir='ltr'><strong>ferociamque</strong></span> <span class='ocrx_word' id='word_1_384' title='bbox 1119 4159 1237 4229; x_wconf 81' lang='lat' dir='ltr'><strong>animi</strong></span> <span class='ocrx_word' id='word_1_385' title='bbox 1255 4165 1358 4228; x_wconf 81' lang='lat' dir='ltr'><strong>voltu·</strong></span> <span class='ocrx_word' id='word_1_386' title='bbox 1375 4161 1545 4227; x_wconf 73' lang='lat' dir='ltr'><strong>renitens.</strong></span> <span class='ocrx_word' id='word_1_387' title='bbox 1566 4183 1682 4247; x_wconf 49' lang='lat' dir='ltr'><strong>appo*</strong></span> 
     </span>
     <span class='ocr_line' id='line_1_37' title="bbox 266 4261 1673 4356; baseline -0.002 -21"><span class='ocrx_word' id='word_1_388' title='bbox 266 4271 331 4338; x_wconf 88' lang='lat' dir='ltr'><strong>site</strong></span> <span class='ocrx_word' id='word_1_389' title='bbox 352 4271 395 4334; x_wconf 85' lang='lat' dir='ltr'><strong>ab</strong></span> <span class='ocrx_word' id='word_1_390' title='bbox 423 4269 668 4352; x_wconf 86' lang='lat' dir='ltr'><strong>interpretibus</strong></span> <span class='ocrx_word' id='word_1_391' title='bbox 688 4278 929 4354; x_wconf 79' lang='lat' dir='ltr'><strong>comparantur</strong></span> <span class='ocrx_word' id='word_1_392' title='bbox 944 4267 1008 4332; x_wconf 81' lang='lat' dir='ltr'><strong>Sil.</strong></span> <span class='ocrx_word' id='word_1_393' title='bbox 1020 4269 1095 4330; x_wconf 88' lang='lat' dir='ltr'><strong>ital.</strong></span> <span class='ocrx_word' id='word_1_394' title='bbox 1109 4273 1138 4335; x_wconf 91' lang='grc'><strong>5.</strong></span> <span class='ocrx_word' id='word_1_395' title='bbox 1152 4270 1221 4348; x_wconf 76' lang='lat'><strong>674.</strong></span> <span class='ocrx_word' id='word_1_396' title='bbox 1233 4261 1367 4356; x_wconf 85' lang='lat' dir='ltr'><strong>fronti</strong></span> <span class='ocrx_word' id='word_1_397' title='bbox 1392 4263 1514 4330; x_wconf 81' lang='lat' dir='ltr'><strong>minae</strong></span> <span class='ocrx_word' id='word_1_398' title='bbox 1534 4267 1673 4332; x_wconf 78' lang='lat' dir='ltr'><strong>durant</strong></span> 
     </span>
    </p>
   </div>
   <div class='ocr_carea' id='block_1_4' title="bbox 0 0 2058 4974">
    <p class='ocr_par' dir='ltr' id='par_1_5' title="bbox 0 0 2058 4974">
     <span class='ocr_line' id='line_1_38' title="bbox 0 0 2058 4974; baseline 0 3"><span class='ocrx_word' id='word_1_399' title='bbox 0 0 2058 4974; x_wconf 95' lang='lat' dir='ltr'><strong> </strong></span> 
     </span>
    </p>
   </div>
  </div>
 </body>
</html>
