4108 4976
1607 419 1680 493 503

273 599 388 687 nibus,
416 603 477 666 sed
495 601 564 687 ipsi
580 599 817 687 superstitioni
837 603 1036 666 admodum·
1044 600 1200 666 deditum
1220 602 1336 689 fuisse,
1363 608 1457 674 testis
1475 618 1526 675 est
1544 614 1681 680 Plutar-

273 709 367 776 chus.
387 711 447 774 sed
465 708 559 773 idem
579 711 646 773 hoc
665 718 864 794 portentum
888 714 967 793 post
993 706 1193 772 missionem
1213 728 1234 772 a
1260 712 1401 777 Metello
1429 726 1583 802 rogatam
1609 721 1680 786 fae-

271 821 346 878 tum
367 833 438 880 esse
462 815 575 878 tradit.
597 815 658 880 cir.
678 816 748 879 vita
764 813 868 877 Marii
887 834 957 898 cap.
977 815 1007 878 8.
1023 813 1084 878 fin.
1106 834 1201 897 quae
1219 811 1344 879 anima
1365 817 1546 906 agitabat.
1567 827 1682 891 dein.

238 945 239 950 ¹
273 920 423 985 dicativo
445 922 596 986 orationi
627 922 779 1003 oblique
803 921 1008 1006 interposita
1036 919 1097 989 cir.
1118 923 1163 983 ad
1183 922 1253 984 eat.
1276 940 1305 983 c.
1320 944 1371 1003 27.
1391 943 1493 1008 supra
1511 929 1560 1004 54.
1589 930 1681 995 inira

273 1045 346 1110 cap.
365 1030 433 1090 106.
454 1030 535 1092 Caes.
547 1031 581 1096 B.
596 1027 637 1090 G.
649 1049 676 1095 1.
689 1032 739 1091 3ι.
759 1026 833 1090 Liv.
848 1032 877 1091 3.
895 1030 941 1093 ι3.
963 1023 1187 1116 exagitabat.
1207 1025 1267 1096 cir.
1279 1030 1348 1091 Cat.
1360 1045 1408 1106 44.
1431 1053 1680 1114 quot-cans.

273 1127 351 1194 cius
371 1127 517 1194 animus
537 1127 762 1220 exagitabat.
783 1137 906 1198 eodem
924 1136 1029 1198 modo
1047 1137 1139 1218 apud
1157 1133 1315 1198 Tacimm
1332 1137 1420 1204 dnn.
1439 1153 1468 1214 4.
1486 1129 1534 1203 ι’3.
1555 1162 1681 1208 recen·

272 1241 344 1301 tem
366 1233 492 1302 Liviae
511 1236 774 1302 conscientiam
795 1236 1049 1328 exagitare-
1061 1235 1208 1303 animus
1228 1235 1314 1303 belli
1326 1239 1467 1329 ingens.
1491 1244 1591 1308 domi
1603 1267 1682 1312 ma·

224 1347 230 1356 '
273 1337 386 1404 dicus.
408 1340 553 1406 animus
573 1344 749 1430 hocloco,
771 1353 809 1410 ut
832 1345 955 1429 saepius
976 1347 1069 1430 apud
1083 1343 1285 1430 Salustium,
1312 1345 1446 1430 duplici
1467 1353 1572 1414 modo
1590 1353 1682 1416 acci·

269 1446 438 1530 piendum
459 1459 525 1527 est,·
544 1450 662 1534 priore
681 1448 775 1514 enim
795 1450 872 1514 loco
890 1446 1005 1515 uirtus
1023 1459 1074 1516 est
1091 1451 1147 1514 vel
1158 1445 1373 1542 fortitudo,
1405 1453 1537 1518 scilicet
1557 1477 1682 1544 magna

270 1551 344 1631 ejus
365 1552 473 1617 virtus
495 1555 533 1616 in
557 1556 652 1618 hello
674 1553 760 1639 fuit,
787 1558 848 1620 sed
874 1555 1019 1620 animus
1048 1552 1149 1640 domi
1172 1552 1349 1620 modicus.
1382 1557 1475 1621 nihil
1505 1561 1602 1624 aliud.
1624 1573 1683 1648 est,

270 1678 373 1740 quam
400 1658 439 1721 in
465 1660 539 1743 ipsa
559 1662 646 1724 urhe
667 1663 883 1725 moderatum
911 1679 948 1724 se
971 1659 1093 1744 gessit,
1123 1664 1218 1739 quod
1238 1661 1343 1723 etiam
1361 1665 1540 1744 sequentia
1560 1669 1685 1733 confir-

270 1773 383 1847 mant,
403 1783 484 1826 nam
505 1761 679 1828 lubidinis
700 1772 736 1827 et
757 1761 967 1828 divitiarum
988 1759 1105 1825 uictor
1126 1762 1256 1824 dicitur
1271 1765 1423 1849 animus,
1454 1774 1549 1848 quod
1578 1793 1684 1856 prava

269 1869 455 1952 eupiditate
476 1877 510 1931 et
529 1867 674 1931 avaritia
694 1885 730 1929 se
751 1865 826 1952 regi
844 1885 917 1928 non
936 1865 1082 1950 petitum
1110 1874 1263 1929 aetenum
1284 1864 1395 1934 libido
1415 1872 1485 1936 hac
1504 1893 1606 1940 sensu
1624 1899 1684 1942 ra-

269 1973 342 2036 rius
369 1973 406 2034 in
436 1972 606 2057 singulari
632 1991 778 2034 numero
808 1970 966 2035 occurrit.
994 1972 1060 2035 sed
1077 1971 1110 2035 is
1129 1981 1243 2035 natus
1264 1981 1301 2036 et
1321 1995 1462 2040 omnem
1474 1978 1682 2061 pueritiam

268 2074 409 2160 Arpini
426 2079 535 2145 altus.
565 2084 648 2140 nota
674 2075 923 2139 substantivum
952 2073 1093 2159 Arpini
1114 2079 1360 2165 postpositum,
1385 2085 1481 2162 quod
1512 2084 1616 2149 etium
1636 2091 1680 2150 ad

269 2183 388 2266 priora
407 2182 566 2266 pertinet.
588 2181 718 2244 similia
744 2181 896 2245 vidimus
915 2181 954 2243 in
975 2184 1045 2244 Cat.
1059 2185 1109 2244 36.
1130 2182 1191 2246 fin.
1217 2184 1318 2248 altus
1338 2187 1501 2252 meliores
1520 2189 1604 2254 libri
1626 2199 1681 2259 tu·

271 2297 381 2352 entur.
404 2284 530 2371 alitus,
550 2291 644 2369 quod
659 2285 855 2351 Priscianus
874 2285 914 2349 in
934 2285 1114 2351 nonnullis
1134 2287 1235 2352 libris
1254 2290 1405 2377 invenit,
1426 2293 1564 2360 Cottius
1582 2297 1683 2364 Salu-

270 2392 329 2454 stii
352 2391 502 2454 orationi
523 2393 632 2478 magis
652 2401 920 2456 consentaneum
946 2413 1018 2458 esse
1033 2391 1213 2471 judicavit.
1247 2403 1360 2460 natus
1380 2404 1417 2460 et
1437 2401 1537 2463 altus
1557 2402 1681 2466 simili·
1764 2425 1766 2430 ’

270 2504 323 2562 ter
343 2498 522 2583 conjungit
541 2499 693 2562 Plautus.
712 2501 802 2562 llud.
815 2502 844 2561 3.
862 2514 892 2576 4.
914 2503 964 2566 36.
995 2496 1068 2564 imo
1089 2496 1246 2566 Athenis
1271 2507 1384 2564 natus
1404 2505 1575 2586 altusque
1594 2509 1681 2571 edu-

271 2613 448 2688 catusque
466 2601 617 2671 Atticis.
638 2608 698 2670 sed
718 2605 846 2687 aliquis
865 2607 938 2669 haec
958 2605 1089 2668 leviora
1109 2604 1252 2690 dixerit,
1281 2625 1385 2687 quam
1405 2628 1483 2689 quae
1503 2611 1680 2678 aSalustia
1747 2588 1751 2603 ι

270 2714 571 2776 commemoranda
597 2709 738 2776 fuerint.
769 2713 947 2794 Attamen,
972 2709 1002 2772 si
1031 2708 1118 2791 quid
1143 2710 1262 2793 video,
1301 2710 1339 2773 id
1367 2731 1537 2796 exponere
1569 2719 1682 2782 voluit

269 2825 405 2899 auctor,
433 2820 527 2898 quod
557 2827 607 2880 est
633 2820 723 2900 apud
753 2818 974 2882 Plutarchum
994 2815 1018 2874 l.
1034 2817 1058 2880 l.
1074 2820 1102 2877 3.
1141 2813 1215 2901 (ili
1235 2815 1300 2888 noir
1319 2812 1415 2885 nim
1436 2813 1491 2886 site
1510 2817 1631 2892 aalide
1649 2823 1681 2892 ir

267 2918 359 2991 minu
384 2921 547 3016 icalptssiir
571 2918 722 3005 iyeiee‘lm
754 2915 804 2993 liv
829 2916 864 2988 ii
873 2913 983 2987 aime
1000 2916 1114 3014 χρόνον
1134 2917 1165 2988 it
1185 2917 1274 3009 κῶμῃ
1293 2919 1468 3017 Kepeaitveir
1481 2923 1529 2998 'iic
1548 2924 1680 3022 Α’ςπίνης

268 3025 380 3099 it'ctt'lar
400 3019 477 3114 ιῖχι,
510 3021 588 3122 apic
614 3021 674 3110 uir
691 3023 799 3098 icleibt
818 3023 871 3093 eei
894 3018 1053 3122 picangis
1072 3023 1135 3105 βίον
1153 3021 1385 3122 ippceeiligav,
1417 3023 1555 3122 cingam
1574 3025 1609 3100 ii
1627 3031 1682 3100 eei

265 3131 327 3206 ‘late
343 3128 448 3200 etna
468 3128 610 3215 Ρωμαίων
626 3130 746 3228 lycaei}
766 3129 904 3198 ἐοικυῖαν.
929 3123 1082 3192 urbanis
1101 3124 1301 3196 munditiis.
1322 3131 1389 3192 hoc
1408 3131 1487 3196 loco
1505 3134 1544 3196 in
1555 3139 1682 3200 malam
1791 3173 1795 3181 ·

269 3245 403 3321 partem
424 3234 674 3319 accipiendum.
696 3233 756 3302 cfr.
778 3235 888 3298 Plaut.
902 3235 1024 3297 Pseud.
1040 3255 1066 3295 r.
1081 3250 1110 3297 a.
1124 3247 1175 3310 4ο.
1198 3234 1285 3319 Vas,
1307 3235 1459 3316 quaein
1481 3239 1686 3327 munditiis,

268 3338 464 3426 molliciis,
487 3335 696 3421 deliciisque
716 3335 920 3416 aetatulam
942 3335 1067 3429 agitis.
1094 3338 1253 3424 intellige
1274 3342 1393 3423 epulas
1413 3345 1522 3408 lautas
1542 3357 1576 3410 et
1605 3367 1684 3414 cae-

268 3455 358 3530 tera,
378 3467 454 3528 quae
477 3441 521 3510 ad
541 3447 672 3510 cultum
700 3445 854 3531 corporis
876 3445 1061 3530 pertinent.
1094 3443 1260 3510 exercuit
1281 3455 1330 3510 est
1349 3449 1509 3532 Zeugma,
1535 3472 1615 3514 nam
1636 3456 1681 3518 ad

266 3552 386 3637 priora
403 3561 535 3618 tantum
554 3552 714 3636 pertinet.
736 3546 835 3615 inter
854 3548 949 3614 artis
970 3550 1096 3619 bonas.
1116 3551 1165 3613 ita
1177 3553 1252 3616 Vat.
1268 3555 1298 3620 5.
1320 3552 1434 3617 bonas
1455 3563 1563 3620 artes.
1585 3559 1681 3628 Med.

172 3657 180 3674 ⁸
269 3677 300 3737 7.
312 3659 399 3722 Ven.
415 3680 443 3721 a.
458 3661 487 3720 3.
510 3656 533 3720 i.
555 3675 586 3723 e.
604 3655 708 3719 bonis
726 3655 857 3719 artibus
878 3654 1044 3722 deditum.
1074 3654 1257 3744 integrum
1280 3654 1474 3745 ingenium.
1485 3660 1508 3721 i.
1533 3680 1562 3724 e.
1582 3662 1679 3725 nulla
1788 3669 1792 3678 '

268 3762 361 3824 mala
379 3762 539 3826 lubidine
553 3771 762 3844 corruptum.
783 3756 950 3824 adolevit.
971 3761 995 3822 i.
1013 3781 1042 3824 e.
1063 3760 1184 3844 crevit,
1203 3761 1337 3825 viribus
1351 3771 1488 3824 auctum
1501 3773 1561 3830 est.
1577 3765 1680 3829 ovid.

270 3867 359 3932 Fast.
374 3867 403 3930 ⁵.
418 3870 485 3948 175.
516 3861 632 3932 virtus
651 3863 759 3930 annis
780 3862 945 3928 adolevit.
975 3865 1043 3927 Cic.
1058 3867 1102 3929 de
1114 3868 1217 3951 Legg.
1235 3887 1262 3928 1.
1277 3887 1306 3945 7.
1328 3862 1429 3938 ratio
1452 3887 1533 3930 cum
1556 3871 1680 3935 adole.

270 3968 341 4055 uit,
363 3969 587 4036 nominatur·
599 3964 1078 4053 sapientia-tribunatum
1100 3967 1206 4032 milit.
1227 3990 1251 4032 a
1263 3971 1404 4054 popula
1420 3971 1527 4053 petit.
1548 3984 1681 4057 partem

270 4077 365 4144 enim
384 4077 604 4139 tribunorum
626 4073 831 4138 militarium
850 4074 1000 4158 populus
1021 4074 1160 4138 tributis
1182 4074 1331 4138 comitiis
1354 4077 1499 4140 creabat.
1529 4076 1588 4138 cfr.
1608 4079 1682 4143 Liv.

271 4197 329 4268 42,
349 4187 399 4246 31.
423 4198 478 4268 442
495 4199 543 4245 αι.
566 4180 635 4246 Cic.
654 4180 800 4248 inVerr.
819 4201 846 4248 1.
865 4199 912 4240 ιο.
939 4177 1059 4260 ibique
1076 4181 1197 4242 Ascon.
1218 4180 1309 4263 Lips.
1325 4181 1369 4242 de
1389 4180 1463 4243 mil.
1482 4182 1638 4244 Romana
1651 4201 1685 4248 a..

272 4307 302 4372 9.
313 4283 436 4379 facile
455 4295 577 4352 natus.
598 4284 685 4350 falso
701 4284 834 4351 Curtius
853 4295 1042 4372 camparats
1053 4280 1177 4378 facile
1188 4283 1383 4370 princeps,
1389 4279 1513 4375 facile
1531 4284 1684 4354 nabilis·
