4108 4976
1598 400 1671 502 267

262 614 340 680 que
359 595 527 677 quemuis
546 601 641 665 haud
660 599 806 665 omnino
830 597 1060 682 improbanda
1070 595 1132 680 sit,
1153 598 1268 658 tamen
1279 609 1469 678 paucorum
1483 595 1589 658 Codd.
1609 594 1680 663 fide

262 723 341 774 eam
360 721 434 766 non
449 705 654 790 receperim.
693 725 850 789 suasque
868 725 958 788 spes.
986 722 1163 786 suamque
1185 718 1294 780 spem.
1319 700 1405 765 Ven.
1429 703 1459 762 3.
1482 719 1566 782 opes
1586 702 1679 776 Med,

269 831 296 872 9.
312 830 344 890 9.
365 811 453 876 Ven.
467 829 497 871 9.
514 831 575 874 rec
593 814 685 875 Med.
696 831 727 891 9.
749 813 810 875 sed
829 819 964 894 recepta
983 809 1087 874 lectio
1107 808 1197 872 bene
1214 805 1376 870 sehabet.
1398 803 1457 868 cfr.
1472 804 1580 870 locaa
1597 809 1682 871 Gor..

264 911 318 981 tio
338 913 482 976 laudate
502 915 575 981 cat.
589 932 639 976 99.
654 931 704 978 99.
730 915 861 1000 Fragm.
878 915 966 978 Hist.
982 920 1012 978 3.
1035 916 1096 999 Ep.
1115 911 1267 996 Pompei.
1284 912 1372 974 adde
1392 912 1465 974 Cat.
1481 931 1554 995 cap.
1567 914 1619 977 35.

352 1019 435 1101 Cep.
454 1019 602 1088 XXXIV.
623 1027 736 1102 atque
755 1015 841 1084 aliis
862 1014 1039 1085 omnibus.
1059 1021 1102 1082 de
1121 1018 1186 1108 hac
1207 1015 1355 1080 formula
1358 1015 1431 1094 jam
1445 1037 1548 1102 99999
1561 1025 1611 1083 est
1625 1039 1683 1084 ex·

265 1123 434 1210 positum.
457 1147 551 1207 quae
570 1123 629 1190 ira
636 1122 732 1213 feri
749 1132 861 1189 amat.
880 1145 923 1208 ex
940 1123 1068 1190 Graecis'
1086 1125 1159 1188 hec
1180 1142 1335 1206 expressa
1354 1129 1445 1190 99991.
1471 1122 1496 1186 1.
1524 1141 1561 1188 e·¹
1580 1118 1603 1191 ἅ
1629 1125 1683 1194 ὑπ’

266 1230 368 1328 cippis
387 1229 552 1318 91999899
573 1235 664 1316 φιλεῖ.
685 1251 761 1315 quae
782 1229 876 1298 enim
889 1229 1027 1294 (lortius
1037 1228 1156 1292 laudat
1168 1226 1383 1310 Thucydidis
1394 1229 1488 1312 loca,
1509 1249 1581 1293 non
1598 1249 1699 1310 9999-Ι
1813 1271 1815 1277 ι

248 1377 250 1382 -
274 1337 393 1418 drant,
414 1355 493 1399 cum
502 1335 735 1402 nominativus
745 1335 930 1422 singularis
941 1335 1128 1400 antecedat.
1139 1333 1289 1398 similem
1302 1334 1418 1398 locum
1431 1334 1684 1421 laudatQuinc·
1699 1385 1703 1392 .

271 1438 580 1522 111.19991.111991.9.
596 1446 626 1508 3.
646 1463 695 1524 ¹7·
716 1445 843 1532 vulgus
861 1439 1082 1530 amat-fieri,
1102 1442 1197 1523 quod
1213 1461 1393 1527 perperam
1408 1459 1427 1502 a
1444 1439 1597 1542 librariis
1607 1460 1684 1520 999-
1720 1533 1725 1540 Ι

271 1551 494 1629 ratumputo
513 1567 594 1630 pro:
623 1569 716 1630 quae
736 1546 775 1612 in
797 1551 923 1637 vulgus
942 1541 1153 1632 omatfieri.
1194 1546 1357 1629 Exempla
1378 1545 1481 1627 hujus
1498 1544 1686 1610 locutionis

272 1653 370 1733 apud
388 1651 476 1715 91199
494 1652 677 1738 scriptores
695 1653 822 1719 1999199
838 1653 1033 1737 quaesicris.
1055 1647 1218 1716 discescit
1234 1653 1325 1716 Med.
1347 1677 1374 1716 9.
1386 1667 1421 1727 9.
1432 1652 1461 1718 3.
1476 1671 1505 1731 9.
1520 1654 1605 1718 Ven.
1617 1674 1646 1715 1.
1657 1665 1687 1729 4.
1782 1675 1784 1680 ¹

272 1757 352 1826 Vct.
370 1773 399 1820 9.
416 1772 447 1835 4.
468 1758 557 1822 Flor.
576 1781 602 1822 1.
623 1761 685 1824 scd
704 1761 810 1826 ceteri
826 1777 974 1843 presens
994 1756 1207 1821 confirmant.

221 1847 226 1852 ’
360 1864 439 1945 Cap.
460 1864 591 1952 XXXV.
613 1871 696 1928 erat
717 1885 760 1928 ea
781 1872 888 1947 temp.
911 1865 998 1928 ordo
1016 1861 1200 1926 verborum
1219 1859 1312 1944 apud
1335 1857 1491 1922 contium
1507 1866 1687 1945 corruptus

275 1949 536 2033 9991999999.
562 1969 607 2032 de
631 1967 702 2032 alio
725 1968 887 2052 Massiva,
914 1966 1115 2033 Massinissa
1138 1963 1252 2028 tratrtc
1272 1963 1358 2047 filio,
1380 1963 1688 2060 919911999999

275 2071 446 2137 9191135.
467 2067 656 2161 profugus
676 2069 830 2143 abierat.
853 2073 934 2138 vide
956 2071 1048 2135 inira
1069 2093 1098 2138 c.
1125 2073 1173 2133 56.
1190 2063 1349 2156 profugi
1367 2063 1565 2135 discedunt.
1585 2071 1687 2154 Prop·
1764 2089 1766 2096 ·

278 2190 311 2250 4.
329 2195 356 2237 9.
374 2179 424 2254 39.
442 2171 627 2264 profugos
638 2173 774 2241 misisti
793 2174 1196 2270 Temperiem-Sp.
1208 2167 1378 2240 Albinus.
1399 2193 1441 2238 ex
1451 2180 1553 2260 gente
1566 2176 1689 2240 Postu·

278 2279 367 2344 mia.
397 2281 441 2362 Q.
470 2277 612 2346 Minue.
641 2277 754 2371 Ruso.
789 2283 883 2366 apud
917 2288 1046 2349 ceteros
1081 2277 1263 2374 scriptores
1293 2297 1493 2362 prenomen
1532 2281 1689 2348 Marcus
1791 2345 1796 2360 ,

242 2421 244 2424 -
276 2383 452 2448 scribitur.
472 2387 517 2449 de
534 2385 590 2449 his
609 2385 809 2451 9999911999
833 2386 914 2452 vide
937 2384 1056 2473 Pighii
1076 2386 1199 2450 11999991.
1217 2388 1315 2450 Tom.
1336 2387 1393 2450 ΙΙΙ.
1416 2407 1492 2473 pag.
1514 2385 1587 2451 999.
1606 2405 1689 2451 cum

281 2495 391 2553 metu.
410 2508 510 2554 sensu
527 2491 664 2577 passivo
685 2493 827 2557 dictum.
848 2492 909 2557 919.
927 2496 1015 2560 Non:
1036 2495 1141 2559 Marc.
1160 2507 1191 2555 9.
1207 2493 1274 2569 554.
1297 2490 1359 2576 qui
1384 2498 1502 2556 metus
1520 2487 1692 2583 Pompeji

282 2588 432 2659 victoris
450 2603 542 2660 99919
565 2597 729 2682 explicat,
758 2599 860 2680 quod
881 2599 925 2662 dc
948 2595 1126 2689 Pompejo
1153 2605 1365 2663 metuerent.
1394 2595 1455 2665 cfr.
1472 2595 1561 2660 Gell.
1590 2616 1620 2676 9.
1641 2611 1691 2690 ta.

278 2707 412 2772 „metus
438 2701 593 2766 hostium
619 2711 711 2768 recte
732 2703 860 2767 dicitur
880 2712 915 2768 91
941 2723 1019 2766 cum
1037 2702 1160 2767 timent
1173 2705 1306 2788 hostes,
1334 2710 1369 2770 et
1397 2723 1475 2768 cum
1493 2701 1691 2766 timentur)²

279 2802 386 2872 etiam
397 2804 654 2888 quinctilianus
672 2807 902 2893 itapraecipit:
912 2816 1063 2882 «metum
1076 2807 1251 2890 duplicem
1267 2807 1420 2892 intelligi
1439 2805 1531 2888 volo,
1541 2813 1574 2870 et
1587 2825 1692 2888 quem

280 2906 436 2994 iacimus,
455 2919 490 2974 et
500 2931 603 2993 quem
615 2911 796 2997 patimur.»
815 2919 984 3000 urguent.
994 2912 1067 2976 haec
1077 2911 1256 2993 antiquior
1263 2913 1441 2997 scriptura.
1461 2911 1584 2996 urgere
1596 2909 1691 2975 idem

187 3047 189 3052 ·
281 3020 349 3097 991,
369 3017 465 3095 quod
483 3035 654 3099 premere3
684 3024 719 3080 et
739 3035 857 3081 sensus
878 3015 983 3080 totius
1002 3016 1180 3080 sententia
1198 3016 1258 3080 hic
1280 3027 1346 3082 est:
1367 3037 1445 3081 cum
1466 3017 1637 3101 Jugurtha
1657 3024 1691 3080 91

166 3151 171 3160 ·
282 3117 323 3181 19
344 3118 428 3182 odio
446 3130 543 3203 99991,
559 3129 593 3192 et
609 3129 828 3185 metueretur.
848 3140 988 3184 movere
1009 3139 1117 3202 qnam
1128 3140 1319 3184 senescere.
1341 3121 1468 3205 duplex
1482 3119 1691 3186 constructio

283 3243 367 3287 cum
377 3225 484 3288 verbo
503 3226 614 3292 melle
632 3225 824 3306 conjuncta.
846 3244 928 3298 nam
944 3231 979 3290 et
991 3223 1184 3289 infinitivus
1196 3233 1239 3290 -et
1254 3245 1323 3289 acc.
1344 3247 1423 3289 cum
1441 3225 1502 3290 inl.
1518 3225 1616 3307 sequi
1629 3245 1692 3309 po-

176 3323 180 3330 '
283 3337 358 3392 test.
385 3327 512 3394 omnia
537 3351 678 3398 movere
697 3331 721 3394 i.
738 3351 768 3395 e.
786 3329 996 3414 perturbere.
1009 3329 1061 3393 ite
1076 3333 1150 3396 cat.
1166 3349 1215 3399 99.
1238 3327 1362 3414 quieta
1383 3352 1531 3397 movere.
1553 3330 1626 3394 Liv.
1640 3333 1692 3401 35.

276 3419 337 3497 93.
358 3431 525 3518 nequid,
553 3436 702 3500 absente
713 3457 769 3521 99,
797 3458 825 3501 a
844 3445 945 3534 tergo
960 3443 1173 3502 moveretur.
1196 3437 1322 3502 dixerit
1331 3436 1459 3518 aliquis
1472 3458 1612 3510 movere
1625 3437 1692 3500 hoc

283 3537 363 3604 loco
382 3539 513 3604 dictum
527 3557 599 3605 esse
614 3561 679 3626 pro
696 3539 893 3627 suscipere,
919 3538 1055 3625 moliri,
1072 3562 1148 3625 quae
1157 3542 1364 3628 significatio
1381 3551 1414 3606 91
1434 3541 1509 3627 ipsa
1524 3541 1605 3606 satis
1625 3540 1693 3607 fre·
1712 3562 1714 3579 ·

284 3663 410 3728 quens,
427 3645 489 3708 sed
503 3645 586 3710 huic
597 3647 675 3710 loco
692 3666 816 3731 parum
833 3649 1053 3712 accomodata
1063 3655 1123 3711 est.
1142 3667 1324 3712 senescere
1336 3647 1360 3712 i.
1380 3647 1588 3730 9119119999,
1605 3644 1693 3708 viri-

252 3753 255 3760 ·
285 3747 351 3810 bns
365 3749 517 3814 destitui
537 3749 696 3836 9191199.
714 3753 828 3817 91195.
846 3746 1123 3822 Atheniensium
1144 3771 1230 3834 opes
1249 3772 1439 3816 senescere.
1459 3752 1542 3814 laus
1562 3757 1698 3816 orato»-

286 3873 369 3916 rum
380 3873 455 3922 sen.
467 3855 536 3922 Cic.
543 3858 642 3922 Tucc.
654 3873 684 3924 2.
697 3875 728 3925 9.
734 3877 878 3948 pugna,
888 3856 1031 3924 bellum.
1043 3853 1116 3919 liv.
1128 3860 1179 3918 39.
1189 3876 1242 3936 ¹93
1253 3857 1280 3922 5.
1294 3871 1342 3916 99.
1353 3891 1397 3906 -
1407 3850 1643 3940 conscientia,
1653 3865 1695 3922 ut

287 3955 326 4021 in
346 3958 496 4042 Catilina
515 3957 660 4026 enimus
680 3959 849 4026 conscius
866 3961 940 4027 scil.
958 3959 1044 4025 mali
1061 3958 1234 4024 facinoris.
1256 3956 1480 4043 impediebat.
1499 3959 1579 4022 vitle
1598 3958 1692 4022 infra

287 4078 360 4145 ccp.
376 4081 426 4143 7⁰·
446 4073 563 4128 metus
582 4087 658 4130 rem
678 4063 892 4149 impediebat
910 4069 1130 4150 9199999939.
1155 4085 1217 4130 999
1227 4057 1398 4147 potentia
1416 4066 1550 4130 Scauri
1566 4084 1591 4126 a
1608 4081 1690 4127 vero

287 4163 455 4249 bonoque
463 4165 688 4253 impediebat.
708 4181 857 4237 ceterum
870 4171 974 4236 ctiam
990 4172 1082 4256 apud
1091 4171 1205 4256 ipsum
1215 4171 1284 4235 Cic.
1306 4165 1476 4252 impedire
1495 4188 1573 4232 cum
1581 4185 1691 4232 accus.

280 4289 444 4358 „persone
471 4281 505 4338 et
528 4274 685 4368 absolute
712 4277 854 4360 quidem
878 4279 1030 4365 ponitur.
1051 4276 1113 4344 cir.
1130 4279 1214 4364 Epp.
1230 4279 1322 4340 Fam.
1332 4296 1361 4356 9.
1376 4295 1421 4354 99.
1452 4295 1508 4338 me
1528 4268 1691 4357 quotidie
1727 4281 1732 4294 “

691 4411 694 4416 -
1324 4387 1347 4434 s
