4106 4974
1601 417 1681 501 229.

282 599 322 665 tn
342 597 461 666 muer
478 593 582 664 tues
600 602 662 663 sus
680 595 846 663 ommam
862 593 926 680 m,
947 597 1006 660 aus
1025 593 1142 660 rosum
1162 596 1290 680 mutet,
1312 573 1428 662 tmen
1446 591 1516 661 hoo
1532 551 1682 666 munere

281 723 353 768 non
373 705 564 791 dubitavit,
584 700 693 768 44414
712 710 842 785 contre,
861 699 1020 766 44441444
1039 699 1112 766 fere
1132 698 1306 764 librorum
1326 701 1682 786 consensufirmatum,

280 810 390 891 eiecit.
413 814 474 876 sesl
492 813 560 875 hoc
578 809 700 890 utique
718 807 956 889 retinendum,
975 806 1067 870 illud
1076 813 1219 892 propter
1231 805 1403 872 libs-omns
1417 805 1684 891 discrepantiam
1748 793 1749 798 ἵ

279 914 450 982 incertum
468 915 615 980 ridetur.
641 911 740 977 Nihil
759 919 874 975 sutem
894 914 1117 991 mutandum
1136 910 1197 975 vix
1209 910 1302 976 enim
1315 910 1534 994 probabilem
1546 931 1683 980 cau-tm

207 1065 214 1076 -
280 1020 456 1106 invenias,
490 1040 551 1085 444
576 1014 634 1081 lis
652 1037 674 1080 s
692 1015 847 1080 librariis
865 1014 1036 1096 adjectum
1055 1015 1117 1101 sit,
1138 1035 1218 1080 oum
1231 1011 1416 1100 proximis
1435 1015 1530 1080 idem
1549 1016 1684 1104 signifi·

281 1135 344 1202 eat,
363 1127 424 1191 sed
442 1127 487 1188 ab
506 1131 644 1188 auctore
664 1119 748 1188 eddi
765 1122 898 1208 potuit,
917 1129 956 1186 ut
965 1121 1227 1188 commotiorem
1246 1120 1454 1206 Hiempsalis
1473 1122 1629 1188 animum
1649 1131 1684 1190 at

280 1229 502 1296 intentiorem
519 1247 640 1295 vocem
659 1227 874 1313 exprimeret.
896 1227 1063 1313 'apposite
1080 1227 1209 1293 laudat.
1230 1227 1321 1291 Cort.
1341 1226 1547 1296 4144414.
1569 1249 1683 1310 eoque

280 1332 418 1426 magis,
449 1334 550 1418 quod
565 1329 622 1398 Itis
637 1328 821 1417 proximis
843 1328 1026 1400 Nonis-
1057 1340 1100 1396 tu
1119 1352 1195 1398 nors
1215 1326 1383 1421 affuisti.
1421 1334 1535 1398 solum
1555 1323 1683 1400 lis-‘te-

279 1441 375 1528 gitur
392 1440 462 1511 Cic.
483 1439 615 1524 Epp.'7.
632 1458 662 1519 9.
682 1439 723 1524 Q.
744 1437 814 1502 Cio.
834 1439 879 1502 de
899 1436 1000 1506 Petit.
1022 1440 1123 1506 Cous.
1141 1439 1170 1502 5.
1191 1435 1284 1504 infra
1301 1439 1382 1525 iug.
1398 1441 1450 1506 54.
1471 1432 1511 1502 irs
1527 1457 1684 1527 regnum

274 1540 479 1630 pervenisse
496 1543 521 1608 i.
541 1562 570 1611 e.
591 1543 691 1627 regni
711 1541 916 1630 participem
936 1541 1065 1606 iscium
1084 1561 1166 1608 esse.
1193 1542 1324 1628 ,sepius
1344 1543 1472 1608 dicitur
1486 1563 1575 1614 tres
1588 1537 1684 1616 uertit

279 1651 333 1714 cd
347 1669 413 1713 ms.
434 1651 496 1714 sed
516 1647 575 1716 cfr.
589 1667 728 1733 suprsc.
741 1662 772 1725 4.
791 1643 1007 1716 1444441444
1021 1641 1218 1736 pervenire.
1229 1651 1312 1732 Nep.
1323 1647 1458 1712 Cimon.
1475 1665 1505 1711 4.
1525 1642 1685 1730 adprin·

280 1751 443 1839 cipetum
454 1793 488 1811 -
500 1761 608 1818 ratus
627 1759 720 1816 erat.
738 1751 883 1816 verbum
892 1751 997 1814 subst.
1018 1769 1088 1824 om.
1098 1753 1174 1819 Vct.
1184 1755 1216 1822 6.
1235 1771 1310 1816 esse
1329 1758 1448 1820 ratus.
1467 1754 1543 1822 Vct.
1557 1769 1588 1828 4.
1608 1773 1686 1817 rec·

279 1865 314 1923 te
334 1857 442 1944 igitur
452 1857 598 1921 verbum
612 1854 778 1922 delevisse
795 1853 935 1917 ridetur
946 1853 1091 1918 Curtius.
1110 1850 1361 1938 adoptatione.
1382 1856 1478 1936 cujus
1489 1857 1583 1922 vocis
1603 1876 1685 1933 444-

280 1957 399 2026 toritss
419 1959 598 2024 nonnullis
618 1958 726 2022 dubia
743 1958 817 2022 viss
836 1965 896 2022 est.
906 1960 968 2022 sed
978 1966 1012 2022 et
1021 1957 1267 2028 librorumfide
1275 1961 1484 2044 defenditur,
1504 1969 1538 2025 et
1551 1961 1686 2026 Gellius

279 2069 320 2135 N.
336 2051 376 2134 Α.
395 2070 425 2131 5.
446 2088 490 2147 ¹9·
509 2063 695 2147 aliquoties
712 2064 826 2126 habet.
846 2063 994 2126 maxime
1009 2064 1265 2142 jurisconsultis
1284 2064 1450 2132 usitatum
1464 2062 1568 2129 fuisse
1587 2063 1684 2130 vide.

281 2177 346 2234 144.
366 2165 744 2241 descenditur-lat,
765 2186 893 2230 curam
914 2163 959 2230 irs·
972 2163 1116 2232 animos
1131 2173 1285 2251 patrum
1302 2169 1565 2237 descensuram.
1585 2192 1613 2232 t.
1633 2189 1684 2250 ¹9·

281 2283 397 2338 metus
417 2274 567 2337 deorum
585 2272 640 2336 ad
655 2267 798 2336 animos
817 2272 1071 2336 4444444111.-
1090 2265 1129 2336 irs
1150 2268 1274 2340 anim
1295 2273 1435 2340 habere.
1454 2277 1541 2344 ven.
1554 2289 1584 2350 4.
1606 2275 1683 2340 Vct.

281 2395 310 2457 4.
329 2382 358 2442 5.
376 2397 520 2464 propos.
541 2397 608 2442 om.
626 2380 700 2445 Vst.
717 2381 748 2454 6,
769 2380 935 2444 accedunt
953 2379 1070 2464 plures
1089 2377 1199 2444 Curtii
1216 2376 1313 2452 libri.
1333 2376 1457 2466 animo
1478 2378 1610 2447 habers
1629 2397 1685 2443 sa·

279 2483 324 2548 tis
344 2484 516 2576 usitatum.
557 2483 617 2553 cir.
637 2485 711 2554 Ltv.
733 2502 783 2564 44.
799 2491 847 2550 45.
875 2489 972 2554 Α441.
988 2489 1024 2549 Β.
1038 2485 1134 2570 Hisp.
1154 2489 1203 2550 46.
1232 2484 1450 2560 44415444.
1471 2505 1519 2550 so·
1541 2480 1581 2550 in
1601 2480 1685 2550 ani·

214 2631 217 2647 .
279 2607 377 2664 mum
398 2585 591 2656 1145414141
611 2611 693 2653 cum
714 2589 840 2656 anirno
859 2592 991 2656 habere
1014 2592 1219 2656 insolentius
1247 2592 1378 2656 dictum
1403 2591 1558 2678 ridetur,
1579 2609 1685 2685 quen}

278 2696 374 2775 quod
393 2693 530 2760 librarii
548 2693 729 2759 inventum
748 2697 886 2771 habeas.
907 2696 967 2760 cfr.
988 2698 1087 2770 Catil.
1101 2703 1152 2767 54,
1180 2717 1301 2764 secum
1322 2695 1398 2781 ipse
1418 2700 1566 2765 volvens.
1586 2697 1683 2766 etin-

278 2797 450 2880 ira93.13.
471 2820 553 2862 cum
575 2798 700 2865 animo
719 2811 906 2884 reputans.
927 2803 1098 2880 417485.
1118 2804 1254 2865 Terent.
1271 2803 1418 2885 Adelph.
1435 2805 1465 2864 5.
1484 2817 1515 2877 4.
1529 2803 1578 2864 55.
1599 2821 1683 2864 cum

280 2903 405 2966 anim0
426 2899 604 2991 cogitare.
623 2905 747 2968 Heaut.
762 2921 793 2967 4.
807 2919 837 2979 4.
853 2905 881 2965 5.
902 2924 1041 2966 mecum
1062 2900 1102 2965 irs
1117 2901 1243 2970 animo
1260 2903 1461 2970 concidero.
1481 2907 1683 2970 Ρ1441.Μ4-

225 3049 230 3059 =
278 3006 367 3070 stell.
381 3010 411 3072 5.
429 3027 456 3068 4.
477 3010 526 3069 45.
547 3027 612 3093 ego
634 3002 757 3094 cogito
779 3028 861 3070 eum
882 3002 1017 3071 animo.
1039 3007 1273 3085 1111145454.
1295 3031 1376 3073 cum
1390 3017 1682 3096 egometmecum

250 3129 259 3142 ⁸
280 3107 416 3200 cogito.
435 3130 500 3195 pro
521 3113 609 3172 Mur.
627 3114 665 3173 45
686 3103 865 3175 vobiscum
885 3107 1143 3178 recordamini.
1165 3108 1264 3178 Offic.
1286 3133 1314 3174 ι.
1326 3117 1377 3176 54.
1397 3133 1518 3176 secum
1539 3108 1682 3178 dubita»

277 3233 330 3278 rs.
361 3217 497 3278 Terent.
515 3218 604 3278 Eun.
618 3231 647 3275 4.
661 3219 712 3277 31.
740 3233 877 3278 mecum
906 3214 1184 3298 stomachabor,
1210 3215 1273 3279 ubi
1291 3219 1383 3280 Don.
1400 3255 1417 3292 4
1432 3217 1521 3283 bens
1542 3237 1680 3282 mecum

278 3319 361 3402 quis
382 3319 549 3384 acriorem
569 3319 726 3384 dolorem
746 3319 910 3402 sustinet,
930 3317 992 3400 qui
1011 3318 1086 3403 ipse
1105 3318 1174 3383 sibi
1193 3318 1295 3385 irasci
1316 3322 1534 3407 cogitus.''-
1546 3325 1682 3390 statuit

279 3443 348 3488 om.
365 3427 461 3489 Eich.
482 3429 577 3507 quod
598 3427 794 3490 absurdum.

362 3533 443 3615 Cap.
462 3533 535 3594 x11.
577 3539 756 3596 conventu
773 3565 817 3582 -·
825 3525 991 3619 sactum.
1011 3530 1073 3598 cir.
1095 3533 1167 3595 Cat.
1185 3537 1237 3600 30.
1256 3531 1405 3622 regulis.
1423 3514 1569 3624 regibus
1588 3537 1683 3602 Eich.

279 3639 339 3700 sed
359 3636 450 3698 illud
475 3636 606 3715 verius3
628 3636 765 3722 regulos
782 3637 890 3699 ‚enim
910 3635 991 3699 illos
1012 3636 1100 3702 dixit
1119 3636 1284 3701 Salustius
1302 3649 1444 3721 propter
1459 3640 1683 3716 juventutem.

280 3739 500 3836 41411449.
520 3748 570 3818 544
593 3743 644 3817 45.
668 3757 713 3818 44.
734 3760 941 3805 concessere
961 3739 984 3801 i.
1004 3759 1033 3802 e.
1053 3760 1091 3803 se
1109 3739 1308 3823 contulere,
1333 3746 1429 3822 quod
1450 3742 1685 3824 frequentissi-

279 3865 376 3908 mum
397 3849 488 3927 apud
504 3845 679 3928 Comicus,
701 3863 812 3926 neque
831 3843 899 3926 ipsi
916 3842 1073 3908 Ciceroni
1092 3843 1282 3908 insolitum.
1304 3842 1427 3910 lictor.
1448 3847 1591 3918 nomina
1611 3869 1685 3914 ma·

279 3949 481 4034 gistratuum
502 3953 738 4013 Romanorum
759 3949 883 4012 alienis
903 3948 1063 4031 gentibus
1092 3949 1242 4014 tribuere
1266 3951 1491 4034 scriptoribus
1519 3953 1682 4018 solemne.

279 4053 360 4116 vide
380 4058 423 4115 d‘e
445 4055 667 4139 praetoribus,
688 4052 932 4136 dictatoribus,
960 4052 1120 4118 sedilibus
1147 4056 1291 4127 Forcell.
1313 4077 1340 4119 s.
1359 4056 1414 4121 his
1433 4079 1526 4124 voco.
1556 4057 1684 4122 satelli·

280 4165 330 4222 tes
350 4157 534 4242 intelligit,
567 4181 646 4221 oum
672 4160 797 4242 quibus
824 4155 1095 4221 familiaritatem
1120 4163 1293 4241 quendem
1321 4162 1683 4246 contrahere‘regium

280 4271 339 4332 stt·
365 4266 452 4331 Nam
472 4263 575 4332 etiam
589 4264 755 4330 Romanis
774 4261 1027 4353 magistratibus
1047 4265 1115 4330 hcc
1135 4263 1173 4330 in
1194 4283 1259 4332 usu
1278 4264 1382 4334 fuisse
1402 4265 1683 4354 vix-putaverim.

297 4569 381 4602 -.es
391 4561 426 4573 s
