4108 4976
405 425 477 534 288

401 637 461 683 rea
478 616 602 702 lustin.
616 617 666 681 38.
679 637 708 697 9.
738 615 811 680 Lir.
828 635 855 680 5.
870 618 919 693 39.
948 610 1019 678 Cic.
1032 613 1121 676 Phil.
1139 618 1187 677 18.
1202 631 1232 693 9.
1259 627 1336 695 qure
1358 611 1435 676 loca
1460 611 1533 698 ipse
1561 614 1725 682 laudavit.
1751 623 1810 685 sed

403 723 487 788 iude
510 743 581 786 non
605 720 760 804 sequitur
786 721 952 784 occultos
980 721 1014 780 b.
1033 719 1058 782 l.
1079 721 1122 782 ab
1151 718 1265 783 aliena
1286 738 1389 780 manu
1411 737 1482 783 esse
1500 719 1681 798 adjectum.
1703 733 1815 807 potest

402 827 496 894 enim
525 835 648 890 trames
676 845 748 889 esse
777 831 1003 888 transversus
1023 833 1058 889 et
1086 821 1370 910 compendiosus,
1400 833 1611 889 nouantem
1635 831 1814 896 occultus.

400 953 508 1018 quare
521 937 588 996 boc
610 929 756 1010 adjicere
774 949 845 993 non
862 930 923 992 abs
945 949 982 994 re
1006 937 1065 993 est.
1086 926 1205 994 millia
1219 951 1396 1048 passuum
1416 931 1487 994 XX.
1507 929 1633 1012 quibus
1654 937 1721 998 boc
1736 955 1813 1019 spa-

399 1039 489 1104 tium
509 1038 614 1100 nimis
630 1037 776 1120 longum
794 1034 990 1118 videbatur,
1010 1034 1139 1118 quippe
1157 1038 1251 1118 quod
1270 1013 1291 1098 ¹a
1311 1033 1446 1098 Rutilio
1467 1035 1581 1121 legato
1601 1057 1674 1102 uon
1692 1039 1812 1104 confici

400 1144 553 1230 potuisse
575 1148 778 1222 statuerent,
808 1139 853 1202 iis
878 1139 967 1204 bene
987 1141 1166 1224 respondit
1187 1140 1331 1206 Cortius.
1382 1139 1526 1224 Vegetio
1553 1141 1645 1205 enim
1674 1153 1812 1210 auctore

404 1273 431 1312 r.
445 1271 474 1330 9.
495 1247 639 1311 militari
657 1248 765 1332 gradu
781 1242 908 1328 viginti
928 1244 1041 1307 millia
1056 1265 1216 1328 passuum
1237 1243 1333 1309 horis
1353 1243 1518 1328 quinque,
1539 1247 1704 1310 duntaxat
1721 1247 1812 1312 asti-

401 1357 465 1441 515,
486 1353 702 1420 conficienda
728 1358 817 1414 sunt.
850 1347 910 1412 cfr.
930 1349 1084 1412 llottom.
1107 1353 1151 1412 ad
1179 1353 1262 1415 Cas.
1277 1352 1313 1417 B.
1331 1349 1420 1412 Gall.
1436 1371 1463 1412 1.
1477 1352 1526 1411 53.
1556 1358 1682 1415 tractu
1711 1348 1811 1434 pari.

397 1463 529 1528 scilieet
549 1457 720 1522 montium
739 1456 824 1542 juga
853 1454 892 1517 in
915 1455 1061 1517 eandem
1081 1452 1259 1538 regionem
1284 1453 1567 1539 porrigebantur,
1587 1455 1636 1518 ita
1658 1463 1696 1518 ut
1715 1457 1810 1520 idem

397 1569 471 1634 fere
490 1564 638 1650 spatium
664 1563 756 1626 inter
782 1580 840 1624 eos
861 1566 895 1622 et
913 1561 1043 1622 flumen
1063 1557 1250 1623 interesset.
1285 1566 1407 1623 vastus
1432 1559 1489 1622 ab.
1517 1563 1585 1624 boc
1610 1560 1724 1624 minus
1749 1581 1809 1647 ap·

398 1674 442 1738 tis
474 1669 639 1754 exemplis
671 1666 803 1731 Curtius
833 1664 993 1727 illustrat.
1027 1661 1141 1727 simile
1176 1663 1372 1726 Ennianum
1397 1667 1493 1780 apud
1518 1667 1609 1728 Serv.
1636 1668 1680 1727 ad
1711 1665 1808 1753 Virg.

396 1779 482 1844 Aen.
495 1799 523 1844 r.
538 1777 588 1838 56.
612 1793 705 1856 quae
724 1790 823 1834 nunc
841 1767 907 1832 aba
926 1777 963 1831 te
983 1763 1110 1832 viduae
1130 1775 1166 1832 et
1188 1777 1311 1835 vastae
1330 1763 1486 1858 virginer
1507 1777 1601 1833 sunt.
1625 1807 1667 1822 -
1679 1771 1746 1835 sed
1762 1794 1809 1836 err

398 1905 439 1950 eo
463 1879 590 1949 medio.
612 1879 636 1946 i.
659 1898 687 1941 e.
709 1875 767 1940 isti
787 1875 956 1939 montrum
967 1894 1053 1958 Jugo
1067 1873 1235 1958 collrs,rn
1250 1875 1394 1960 longum
1408 1877 1617 1962 pertingens,
1630 1875 1809 1955 155595555-

397 1997 468 2074 tus,
513 1987 575 2070 qui
603 1983 736 2050 medius
767 1980 859 2045 inter
890 1987 1042 2043 montem
1074 1990 1107 2043 et
1139 1983 1268 2043 flumen
1300 1979 1522 2064 interpositus
1548 1991 1629 2045 erat.
1668 1977 1707 2044 in
1742 1979 1807 2045 im·

397 2115 569 2160 mensum.
590 2093 657 2156 hoc
678 2109 718 2154 ex
739 2105 896 2152 sermone
915 2083 1013 2171 vulgi
1035 2082 1350 2169 interpretandum,
1371 2085 1433 2168 qui
1460 2085 1498 2149 in
1525 2087 1628 2166 rebus
1642 2088 1806 2172 augendis

395 2203 535 2265 laudem
563 2197 695 2282 quaerit.
719 2194 778 2258 cir.
797 2195 875 2256 Tac.
896 2193 983 2256 Anu.
1001 2193 1046 2253 55.
1060 2207 1110 2267 4ο.
1127 2198 1290 2274 proruta
1305 2210 1374 2274 per·
1396 2189 1606 2254 mensum
1628 2188 1805 2282 aedificia.

393 2302 617 2394 pertingens,
637 2303 731 2385 quod
752 2301 902 2364 Gronov.
923 2305 1116 2382 suspectum
1137 2295 1275 2381 habuit,
1306 2294 1535 2380 plurimorum
1556 2296 1727 2361 librorum
1754 2306 1806 2362 te-

393 2410 566 2478 stimoniis
587 2407 824 2491 confirmatur,
851 2425 963 2486 neque
984 2412 1045 2489 est,
1066 2407 1161 2486 quod
1182 2407 1225 2468 de
1245 2401 1347 2481 hujus
1366 2402 1460 2466 vocis
1484 2401 1685 2468 auctoritate
1705 2403 1805 2466 dubi-

395 2525 455 2582 tes.
479 2511 586 2598 quasi
605 2517 627 2578 i.
649 2533 678 2580 e.
700 2513 846 2593 circiter,
865 2511 988 2594 lerme,
1014 2529 1133 2595 paene.
1156 2507 1227 2574 Cic.
1251 2509 1346 2572 Orat.
1366 2513 1414 2572 53.
1444 2514 1498 2571 est
1524 2503 1618 2572 enim
1640 2505 1749 2591 quusi
1765 2507 1804 2573 in

397 2626 561 2684 extrema
577 2613 718 2702 pagina
739 2612 910 2679 Phaedri.
932 2610 1079 2677 vestitus
1100 2616 1274 2679 oleastro.
1300 2614 1506 2678 vocabulum
1528 2613 1702 2678 inhaere
1720 2635 1807 2700 pro·

394 2723 520 2810 prium.
543 2719 604 2784 cfr.
615 2717 682 2780 cic.
694 2719 734 2778 N.
742 2719 783 2779 D.
798 2731 828 2778 5.
844 2719 893 2777 53.
913 2717 985 2776 Liv.
1000 2733 1050 2776 55.
1064 2719 1113 2778 58.
1128 2717 1175 2779 id.
1190 2733 1238 2778 55.
1253 2720 1301 2791 54.
1324 2721 1491 2783 oleaster.
1512 2717 1691 2817 riyprr'aata.
1712 2716 1805 2783 11551·-

397 2827 490 2896 tetis.
509 2829 632 2892 iisdem
653 2822 835 2888 arboribus
856 2830 958 2904 atque
978 2817 1139 2907 virgultis
1160 2820 1196 2882 in
1218 2821 1318 2883 ltalia
1339 2822 1523 2906 sepissime
1543 2833 1675 2889 montes
1697 2825 1804 2888 obsiti

384 2948 495 3022 atque
505 2931 619 3000 vestiti
639 2938 733 3011 suntJ
755 2951 784 2994 c.
806 2951 855 3016 gr.
876 2949 976 2992 mons
989 2936 1190 3013 praeruptus,
1211 2927 1273 3010 qui
1282 2929 1487 2995 Terracinae
1507 2930 1682 3015 imminet,
1704 2915 1813 2995 etad

392 3047 530 3108 Fundos
559 3061 667 3124 usque
691 3037 892 3124 porrigitur.
921 3031 1025 3100 humi
1049 3033 1155 3100 arido
1185 3043 1297 3117 atque
1317 3057 1485 3101 arenoso.
1507 3037 1580 3102 haec
1599 3036 1703 3100 lectio
1725 3058 1801 3100 cum

392 3150 692 3234 grammaticorum
714 3145 936 3228 antiquorum
957 3142 1163 3207 testimoniis
1179 3141 1259 3205 satis
1273 3141 1319 3205 sit
1332 3141 1547 3220 confirmata,
1568 3143 1719 3206 dubitari
1732 3164 1802 3208 non

390 3262 521 3338 potest,
542 3252 627 3334 quin
647 3270 727 3314 vera
749 3251 809 3328 sit;
832 3253 891 3313 sed
913 3249 1113 3332 explicanda
1136 3255 1194 3312 est.
1241 3250 1317 3312 Hoc
1338 3255 1434 3331 sunt,
1460 3247 1521 3329 qui
1542 3247 1590 3310 ita
1613 3257 1801 3332 exponente

390 3359 593 3430 ,Genitirus
621 3353 724 3419 ltumr'
751 3354 828 3418 loco
857 3353 998 3416 ablativi
1021 3353 1172 3438 positum
1203 3371 1275 3416 esse
1303 3352 1478 3416 neminem
1505 3351 1603 3437 fugit.
1635 3356 1802 3435 quemad·

391 3463 534 3520 modum
561 3460 669 3542 igitur
694 3459 895 3521 nominibus
922 3458 1081 3542 urbium,
1107 3457 1143 3520 in
1166 3457 1319 3542 genitivo
1339 3456 1478 3542 positis,
1508 3455 1676 3521 ablativus
1697 3460 1800 3544 urbe,

391 3563 538 3649 oppido,
564 3581 626 3644 per
647 3561 897 3643 appositionem
919 3561 1136 3642 adjungitur,
1167 3561 1216 3621 ita
1237 3561 1398 3625 hocloco
1417 3562 1622 3641 adjectivum
1642 3563 1801 3626 snbstan-

390 3671 463 3734 tivo
478 3669 638 3749 junctum
659 3665 803 3730 eandem
825 3659 1021 3746 analogiam
1043 3660 1228 3742 aequitum*
1256 3666 1315 3726 sed
1336 3665 1582 3744 adjectivorum
1603 3678 1704 3751 atque
1717 3669 1801 3732 sub-
1911 3713 1915 3720 -

389 3775 633 3856 stantirorum,
661 3791 725 3833 neo
746 3787 818 3830 non
837 3764 1064 3850 appositionis
1085 3767 1173 3831 ratio
1195 3767 1336 3832 diversa.
1357 3773 1482 3836 rectius
1503 3774 1630 3838 dixeris
1640 3785 1798 3839 neutrum

351 3905 354 3910 ·
389 3879 635 3958 adjectivorum
658 3870 802 3939 aridum
825 3880 926 3953 atque
946 3893 1139 3936 arenosum
1162 3873 1238 3938 loco
1250 3877 1540 3942 substantivorum
1554 3899 1626 3944 esse
1635 3881 1797 3964 positum.

382 3973 438 4050 'ita
471 3980 649 4048 lubricum
682 3975 758 4044 viae
786 3977 875 4061 apud
900 3978 978 4040 Tac.
1009 3979 1096 4042 Hist.
1113 3997 1140 4041 5.
1155 3969 1203 4042 88.
1231 3980 1279 4044 id.
1294 3987 1323 4044 3.
1338 4003 1387 4064 79.
1415 3967 1577 4050 multo
1551 4009 1637 4078 jam
1665 3983 1797 4051 noctis.

387 4088 568 4156 lubricum
583 4085 767 4176 juventae.
787 4083 875 4149 Anu.
892 4083 920 4143 6
935 4100 984 4164 49
1005 4087 1128 4172 Georg.
1144 4107 1170 4148 1.
1188 4091 1259 4166 478.
1279 4088 1344 4150 sub
1364 4088 1558 4154 obscurum
1581 4089 1702 4157 noctis
1712 4093 1795 4156 Aen.

386 4201 417 4264 3.
434 4202 503 4260 535.
527 4215 571 4258 ex
585 4189 721 4257 diverso
742 4185 843 4252 coeli.
866 4191 925 4254 sed
936 4200 1095 4274 neutrum
1108 4192 1244 4275 plurale
1258 4199 1308 4254 est
1320 4192 1487 4259 usitatius.
1500 4193 1665 4278 penuria
1679 4218 1798 4279 oqua-

385 4322 468 4364 rum
492 4322 532 4364 ex
553 4300 630 4363 Ital.
650 4315 739 4366 uuus
758 4297 842 4361 Ven.
859 4319 886 4362 r.
906 4296 1071 4379 arbusta,
1088 4315 1152 4380 pro
1176 4295 1358 4364 arboribus
1375 4299 1528 4382 antique.
1550 4303 1633 4366 Cato
1654 4305 1695 4365 11.
1708 4303 1750 4365 11.
1765 4323 1795 4384 7.
