4106 4974
405 364 479 456 ast,
568 441 571 446 ,

398 558 504 625 citum
513 554 684 636 frequens.
704 545 777 616 Lis.
790 565 819 618 a.
830 561 879 610 sa.
897 538 1058 610 trecenti
1073 537 1366 635 conjuravimus,
1387 547 1431 606 nt
1444 533 1483 606 in
1499 539 1617 608 tellao
1629 535 1686 608 eia
1693 563 1804 634 grus-

323 697 329 712 ·
397 654 985 742 curemur.-pollenspotensque
1000 649 1147 733 pollens
1156 649 1265 735 magis
1284 649 1330 711 ad
1350 645 1471 712 insitas
1488 648 1597 734 vires,
1613 653 1801 732 poten-sad

394 763 661 848 jussuctoritats
679 758 735 824 vel
755 755 950 822 honoribus
966 755 1127 844 gerendis
1146 762 1304 840 puratum
1314 761 1466 839 spectare
1482 753 1715 819 satisconstat.
1735 755 1805 824 Sed
1850 791 1857 804 ·

291 883 295 890 '
400 873 440 935 in
460 867 630 952 ejusmodi
650 863 811 931 formulis
830 861 1000 927 similium
1018 880 1143 925 vocum
1163 859 1363 940 conjunctio
1379 857 1472 927 nihil
1487 860 1585 926 aliud
1600 880 1705 944 quiem
1725 881 1805 929 sen·

400 976 516 1042 tentiae
534 975 606 1038 vim
627 980 737 1057 auget.
779 969 894 1034 bonos
914 961 1010 1032 artis
1030 968 1121 1032 Med.
1141 980 1172 1045 4.
1193 967 1223 1030 6.
1245 987 1276 1049 7.
1298 969 1327 1030 a
1351 987 1399 1036 ιι.
1420 963 1545 1030 Mina.
1566 982 1595 1032 s.
1618 970 1651 1034 3.
1672 968 1761 1032 Flor.
1773 987 1803 1033 ι.

399 1085 475 1150 Vnt.
502 1103 528 1144 ι.
550 1096 579 1142 a.
600 1082 630 1156 3.
652 1079 682 1147 5.
704 1078 734 1140 6.
767 1073 863 1138 Eisb.
883 1067 945 1156 qui
963 1073 1150 1137 verborum
1170 1073 1257 1136 ordo
1277 1069 1316 1140 iu
1335 1089 1494 1137 sermone
1511 1069 1649 1156 vulgari
1667 1071 1805 1136 videtur

402 1205 475 1254 esse
496 1182 726 1268 frequentior,
749 1199 852 1263 quam
872 1175 982 1263 ipsam
1003 1196 1139 1242 causam
1158 1173 1329 1262 dixerim,
1356 1195 1419 1240 cur·
1447 1173 1588 1242 librarii
1615 1194 1641 1254 a
1663 1176 1804 1264 vulgato

402 1290 527 1357 ordine
547 1286 773 1366 recesserint;
805 1291 956 1349 ceterum
983 1283 1098 1350 bonas
1118 1290 1219 1348 ortes
1236 1281 1361 1369 sapius
1379 1277 1547 1350 liberates
1567 1289 1601 1346 et
1629 1280 1808 1372 ingenuos

400 1405 502 1462 ortes
521 1393 716 1481 significare
737 1411 810 1457 non
831 1397 901 1478 est,
922 1392 1018 1474 quod
1038 1407 1208 1455 moneam.
1226 1388 1525 1476 particulamque,
1545 1388 1807 1454 scortiounius
1929 1461 1932 1468 Δ

401 1499 488 1567 libri
505 1499 575 1564 lide
595 1497 758 1582 ejectam,
779 1495 818 1560 in
838 1502 1030 1562 ceterorum
1049 1495 1223 1562 librorum
1243 1493 1476 1581 dissensione,
1500 1493 1716 1560 retinendam
1736 1513 1807 1561 esse

406 1605 537 1690 putavi.
579 1605 701 1668 eedem
719 1600 945 1686 pronominis
967 1599 1139 1685 cuiquam
1160 1609 1210 1668 est
1228 1600 1336 1686 ratio,
1359 1601 1454 1684 quod
1474 1619 1564 1664 unus
1583 1601 1674 1666 liber
1692 1601 1807 1686 delet,

403 1707 509 1774 ceteri
529 1714 723 1774 constanter
743 1705 902 1774 retinent.
917 1727 1065 1790 pessum
1087 1703 1173 1772 dari
1190 1708 1244 1774 nd
1259 1705 1325 1774 is.
1344 1706 1395 1772 lte
1404 1714 1584 1792 corruptus
1595 1712 1666 1784 est,
1684 1713 1721 1768 ut
1731 1725 1808 1769 eor-

400 1815 497 1902 poris
516 1812 753 1898 voiuptntibus
772 1812 959 1899 indulgent
974 1809 1186 1897 pernicioso
1203 1847 1247 1867 -
1266 1833 1364 1884 usus.
1393 1810 1653 1878 dominativum
1672 1811 1809 1876 absolu·

401 1929 497 2004 tum,
529 1937 632 2002 wem
659 1916 802 2003 dicunt,
834 1917 971 1982 Gortius
995 1919 1064 1982 boc
1091 1919 1171 1983 loco
1197 1918 1353 2004 intelligi
1374 1917 1459 1987 vult.
1489 1915 1593 1982 etiam
1614 1915 1811 1982 Perizonius

320 2035 323 2040 '
400 2027 496 2090 bunc
515 2025 632 2088 locum
653 2023 746 2090 inter
764 2025 979 2090 Anacolutba
998 2021 1122 2110 refert,
1151 2031 1186 2090 et
1211 2022 1251 2089 in
1274 2024 1398 2087 baone
1416 2022 1550 2088 acutius
1569 2021 1682 2106 sidit,
1712 2019 1810 2104 quod

401 2099 978 2217 heccumsequentibusjungcuda
997 2149 1070 2196 esse
1090 2127 1241 2210 censuit,
1262 2130 1357 2212 quod
1376 2127 1470 2194 enim
1491 2127 1734 2214 interpunctio,
1753 2125 1811 2192 in-

402 2237 446 2298 de
466 2254 487 2298 a
506 2234 625 2299 Cortio
643 2237 805 2321 vulgata,
830 2237 973 2302 suadere
991 2237 1141 2322 videtur,
1168 2243 1207 2300 ut
1227 2237 1301 2302 hec
1320 2236 1427 2299 verbs
1445 2253 1468 2297 a
1487 2232 1608 2302 ceteris
1626 2233 1812 2320 sejungan-

403 2347 479 2426 tur,
500 2337 539 2402 id
559 2339 648 2403 mihi
668 2341 811 2424 quidem
830 2341 1018 2406 absurdum
1038 2361 1110 2408 csse
1129 2341 1276 2408 videtur.
1311 2339 1389 2424 quis
1404 2338 1499 2405 enim
1510 2340 1579 2404 hoc
1591 2337 1660 2407 sibi
1672 2357 1812 2425 persua-

404 2448 499 2526 deat,
519 2453 597 2529 post
615 2447 743 2510 verba:
764 2446 817 2509 od
834 2443 1035 2530 voluptatis
1055 2433 1224 2531 corporis
1236 2467 1384 2531 pessum
1416 2446 1526 2510 datus
1553 2451 1608 2509 est
1638 2452 1812 2512 auctorem

403 2548 530 2612 iterum
544 2548 688 2613 dixisse:
709 2545 775 2612 nbi
785 2545 998 2631 pernicioso
1014 2549 1175 2614 lubidine
1189 2551 1380 2635 paulisper·
1401 2569 1488 2613 usus
1507 2543 1652 2612 eet-d
1672 2551 1746 2616 hec
1759 2549 1812 2631 io-

404 2651 653 2732 iunaejusdem
672 2653 850 2720 sententiae
868 2653 1029 2735 repetitio
1048 2655 1105 2718 vel
1126 2655 1257 2718 insulso
1279 2653 1503 2740 grammatico
1523 2653 1664 2718 crimini
1679 2662 1813 2721 verten-

405 2761 479 2843 da,
506 2761 635 2822 nedum
655 2758 694 2821 in
713 2756 861 2822 Salustio
880 2757 1072 2843 probanda.
1111 2758 1185 2826 haeo
1210 2759 1319 2846 igitur
1342 2761 1447 2825 verba
1473 2761 1596 2824 eut-ed
1615 2764 1812 2852 sequentia,

405 2873 466 2928 aut
486 2865 530 2928 ad
549 2863 667 2948 priora
687 2863 889 2949 explicanda
909 2863 1102 2948 pertinent3
1123 2864 1285 2948 equidem
1298 2868 1342 2930 ad
1355 2866 1472 2952 priore
1486 2865 1694 2948 retuderim,
1705 2870 1739 2927 et
1749 2879 1812 2948 pro

407 2969 579 3058 gerundio
601 2970 714 3056 posite
730 2969 806 3036 ¹esse
828 2979 952 3040 statuo.
980 2974 1219 3055 pessumdatur
1244 2972 1381 3035 enimus
1410 2979 1444 3036 et
1470 2971 1566 3053 quod
1592 2967 1813 3054 cupidinibus

407 3087 524 3159 captus
545 3088 615 3162 est,
635 3087 668 3142 et
689 3079 783 3160 quod
803 3077 998 3164 perniciosa
1017 3077 1178 3145 lubidine
1198 3077 1328 3160 utitur,
1349 3077 1374 3145 i.
1390 3097 1419 3145 e.
1439 3075 1685 3162 cupiditatibus
1706 3093 1742 3140 se
1761 3091 1814 3140 re-

406 3181 444 3268 gi
463 3179 601 3266 patitur.
621 3203 697 3263 que
708 3183 797 3245 ratio
811 3183 841 3246 si
852 3183 910 3248 cui
929 3185 1051 3248 durior
1069 3183 1225 3269 videtur,
1246 3183 1280 3248 ei
1297 3184 1335 3247 in
1355 3182 1526 3248 Perizonii
1541 3189 1654 3266 partes
1671 3189 1710 3245 ut
1723 3187 1813 3244 tran-

408 3295 498 3370 seat,
519 3289 657 3350 suadeo.
689 3286 991 3372 Expeditissimum
1012 3297 1103 3362 erat,
1123 3291 1196 3373 buc
1208 3289 1314 3352 verba
1328 3289 1463 3372 delere,
1483 3309 1559 3370 quae
1573 3288 1664 3352 salva
1678 3293 1814 3352 senten·

409 3391 465 3457 tiae
487 3392 657 3478 elegantia
668 3393 783 3457 omitti
799 3403 956 3477 possunt3
979 3397 1038 3460 sed
1047 3394 1172 3460 rectius
1191 3403 1337 3480 statuas,
1356 3393 1503 3459 consilio
1524 3402 1698 3458 auctorem
1717 3411 1814 3456 secu·

409 3497 517 3561 ratius
540 3506 574 3563 et
592 3497 688 3559 varie
709 3515 886 3581 enarrsse,
908 3498 1035 3578 quibus
1055 3499 1186 3560 artibus
1205 3500 1314 3561 animi
1333 3499 1434 3584 vigor
1447 3495 1674 3567 effeminemr.
1697 3495 1816 3580 difflu-

407 3623 495 3668 xere
515 3613 549 3668 et
570 3599 767 3689 defluxere,
792 3601 887 3682 quod
906 3599 1051 3685 plurimi
1071 3598 1156 3666 libri
1177 3600 1345 3687 retinent,
1378 3623 1500 3689 parum
1519 3601 1660 3670 differre
1681 3602 1817 3669 Cottius

409 3710 545 3794 docuit,
565 3710 609 3773 de
626 3727 691 3772 usu
712 3708 942 3794 Orthograph.
964 3709 1038 3778 lat.
1058 3711 1086 3772 ὃ.
1113 3709 1351 3776 13.tantiviri
1376 3711 1578 3777 auctoritate
1598 3707 1816 3786 confirmari,

410 3830 515 3891 quam
536 3833 637 3897 supra
656 3834 901 3900 proposueram
921 3815 1135 3901 sententiam,
1155 3817 1298 3902 gaudeo.
1319 3820 1380 3882 sed
1401 3821 1495 3900 quod
1516 3817 1653 3882 literam
1667 3842 1687 3883 e
1699 3817 1738 3881 in
1749 3816 1816 3880 hoc

409 3913 595 3980 verborum
614 3938 738 4002 genere
758 3919 989 4002 antiquiorem
1011 3921 1114 4004 dicit,
1135 3921 1318 3985 meliorum
1339 3921 1510 3986 librorum
1530 3923 1687 3988 dissentit
1699 3927 1819 3986 aucte·

411 4021 505 4090 ritas.
547 4015 706 4104 quicque.
738 4028 832 4105 quod
858 4026 959 4108 pauci
979 4027 1062 4090 libri
1083 4027 1227 4112 habent,
1247 4030 1342 4091 haud
1361 4027 1467 4092 dubie
1483 4029 1711 4096 retinendum.
1727 4045 1820 4091 aue-

412 4137 512 4196 tores
532 4124 625 4193 enim
644 4148 709 4213 per
729 4129 980 4213 appositionem
1001 4133 1179 4217 additum,
1207 4133 1230 4196 i.
1251 4155 1280 4198 e.
1301 4155 1382 4197 cum
1402 4130 1475 4218 ipsi
1490 4144 1662 4202 auctores
1681 4130 1820 4199 sint.-

413 4235 465 4300 ad
480 4232 641 4324 negotia.
661 4237 734 4303 bec
752 4256 820 4301 vox
837 4235 985 4302 Salustio
1004 4235 1185 4323 solemnis,
1206 4239 1268 4306 ubi
1289 4240 1353 4306 alii
1372 4261 1449 4326 ree,
1458 4237 1575 4331 faeta
1595 4242 1727 4310 dicunt.
1755 4237 1817 4304 eir·
