4106 4974
1610 403 1678 480 ²¹7

362 585 444 669 Cap.
455 585 515 648 111.
546 575 678 649 virtuti
704 580 728 646 i.
749 597 780 646 e.
799 576 920 664 probis
939 581 973 643 et
993 575 1238 642 innocentibus
1256 575 1472 643 bominibus.
1491 578 1608 645 bonos
1620 597 1685 663 pro

280 687 570 774 munercpublico
592 688 733 768 dictum3
754 684 960 750 confirment
978 680 1159 764 sequeutia
1171 719 1214 734 -
1224 680 1292 774 jus
1301 678 1599 773 fuitperperam
1617 685 1685 746 boc

180 865 184 872 ,
279 796 415 860 Cottius
435 793 620 880 explicuit,
650 793 779 876 quippe
800 789 865 871 qui
884 785 1037 854 honoris
1055 787 1210 871 suppleri
1226 787 1336 866 jubet.
1374 790 1434 852 sed
1455 785 1536 852 de
1493 808 1617 907 μινεο
1621 786 1688 852 Ιιο-

279 901 384 966 noris
402 902 470 963 hoe
489 900 566 963 loco
586 919 658 961 non
679 914 791 960 sermo
812 901 871 958 est.
892 892 961 984 jus
981 892 1075 956 idern
1095 900 1146 956 cst
1166 892 1260 974 quod
1276 898 1463 976 potestas,
1486 888 1687 976 imperium.

280 1003 342 1070 cir.
364 1007 435 1068 Cet
451 1007 501 1068 28.
520 1010 555 1070 et
574 976 661 1067 loce
671 1000 725 1064 ibi
745 999 894 1084 laudate,
913 998 1040 1079 quibus
1059 1000 1149 1061 sdde
1162 1001 1290 1071 Lucan
1302 998 1455 1063 Pharsal.
1475 996 1590 1062 initio.
1602 992 1688 1088 jus-

282 1131 352 1192 que
372 1109 498 1172 datum
518 1103 657 1172 sceleri.
675 1105 858 1190 videsupra
870 1105 940 1170 cat.
950 1125 981 1178 c
995 1108 1033 1166 32
1037 1097 1582 1196 ‚parandijurisetmajestatis
1601 1121 1688 1176 con.

279 1210 487 1277 stituendoe
502 1209 641 1300 gratia.
662 1213 797 1296 Frsgm.
818 1208 906 1273 Hist
922 1211 981 1272 111.
999 1225 1049 1272 ns.
1071 1208 1174 1272 initio
1193 1229 1202 1272 ι
1224 1204 1293 1300 jus
1311 1229 1336 1272 a
1356 1204 1559 1297 majoribus
1578 1204 1688 1272 relie-

281 1316 594 1381 tum-honestus
613 1317 636 1380 i.
653 1335 682 1380 c.
701 1314 908 1380 honoratus
917 1335 933 1389 ,⁰
954 1313 1258 1399 apudcioeronem
1278 1311 1486 1398 sepissime,
1504 1315 1549 1376 de
1567 1331 1605 1378 re
1625 1311 1687 1376 cfr.

281 1423 383 1488 corn.
404 1424 488 1505 Nep.
508 1422 549 1494 V.
569 1419 684 1483 Attici.
705 1439 736 1492 c.
752 1422 782 1483 6.
819 1420 1001 1494 ,honores
1021 1438 1093 1483 non
1112 1416 1232 1502 petiit,
1253 1439 1332 1482 cunr
1352 1418 1386 1484 ei
1406 1425 1562 1506 peterent
1581 1437 1688 1502 prop-

280 1533 334 1590 ter
352 1525 407 1589 vel
429 1523 574 1610 gratiam
591 1524 647 1592 nel
669 1522 894 1609 dignitatem,
914 1543 993 1587 cum
1013 1539 1127 1604 neque
1153 1521 1225 1607 peti
1246 1540 1344 1588 more
1363 1521 1554 1605 majorum,
1572 1540 1687 1605 neque

282 1628 358 1714 copi
379 1637 537 1713 possent,
559 1628 766 1694 conservatis
791 1629 928 1715 legibus
955 1635 989 1694 et
1019 1629 1089 1692 ιιιιι
1117 1620 1234 1690 effusis
1253 1625 1404 1690 ambitus
1422 1626 1688 1713 largitionibus,

281 1751 393 1816 neque
399 1732 474 1819 geri
493 1751 513 1798 e
533 1732 713 1818 republica
732 1734 808 1797 sine
826 1732 993 1819 periculo,
1014 1732 1184 1822 corruptis
1197 1731 1362 1796 moribus.
1372 1729 1392 1764 ’²
1412 1733 1593 1798 Parentes
1604 1733 1688 1796 sub-

280 1837 347 1902 diti
365 1845 468 1919 atque
488 1838 633 1916 subjecti
653 1845 743 1904 sunt.
785 1835 845 1904 ct'r.
865 1839 911 1900 ad
932 1838 1001 1900 cat.
1017 1855 1091 1920 cap.
1105 1838 1135 1898 6.
1156 1841 1242 1919 aut,
1270 1835 1366 1918 quod
1395 1835 1533 1900 Cottius
1561 1837 1689 1902 mutari

276 1941 382 2020 jussit
399 1941 438 2004 in
460 1950 589 2027 atque,
609 1943 698 2008 bene
718 1959 755 2006 se
774 1941 896 2020 babetJ
916 1942 983 2004 hac
1000 1959 1085 2008 voce
1105 1940 1199 2005 enim
1219 1949 1371 2024 cavetur,
1391 1958 1436 2004 ne
1457 1941 1536 2022 quis
1554 1949 1688 2025 putrem

280 2047 335 2113 vel
347 2055 492 2112 matrem
502 2047 687 2133 intelligat.
706 2046 850 2114 laudant
869 2047 1072 2130 interpretes
1088 2047 1161 2134 ,Cio
1172 2049 1255 2129 Epp.
1274 2046 1350 2112 Div.
1368 2067 1395 2106 ι.
1410 2047 1439 2110 8.
1455 2060 1505 2122 44.
1532 2041 1604 2108 sim
1625 2067 1688 2110 ne-

281 2172 350 2233 que
364 2148 520 2234 parenti
537 2173 652 2234 neque
665 2147 819 2235 patriae
839 2146 983 2239 adferri
1010 2154 1190 2234 oportere.
1212 2149 1275 2212 ubi
1285 2145 1440 2232 parenti
1456 2157 1572 2235 aperte
1582 2149 1693 2234 patri

279 2255 459 2341 signifieat.
487 2257 555 2320 Sed
574 2259 648 2322 haec
666 2254 837 2322 sententie
856 2273 953 2336 aeque
972 2273 1012 2318 ac
1031 2255 1207 2339 Platonis,
1227 2274 1330 2335 quem
1350 2255 1493 2320 laudant
1513 2257 1645 2339 locum,
1667 2279 1688 2322 ι

279 2367 397 2425 nostro
419 2359 585 2446 scriptore
604 2359 720 2426 aliene
740 2367 800 2424 est.
821 2355 958 2424 delicta
978 2354 1147 2448 corrigas
1176 2360 1200 2426 i.
1222 2380 1252 2424 e.
1272 2379 1448 2444 perversos
1474 2361 1602 2427 civium
1612 2384 1688 2430 mo-

279 2483 335 2532 res
362 2464 499 2552 legibus
519 2485 684 2532 coerceas
716 2487 795 2532 cum
815 2471 906 2532 totus
925 2464 984 2532 hic
1003 2464 1100 2530 locus
1120 2467 1164 2530 ad
1180 2467 1344 2532 Caesnrem
1363 2475 1515 2553 spectare
1534 2469 1689 2555 videtur,

279 2577 354 2634 turn
374 2571 430 2636 bis
449 2571 563 2636 verbis
585 2581 679 2660 leges
696 2573 807 2638 Julias
827 2577 871 2638 de
890 2573 1081 2660 provinciis
1102 2572 1326 2658 ordinandis,
1347 2575 1390 2637 de
1403 2575 1624 2660 repetundis,
1643 2577 1689 2640 de

276 2675 511 2763 legationibus
529 2675 669 2763 liberis,
697 2680 741 2742 de
755 2641 901 2757 judiciis
920 2687 982 2744 etc
1001 2678 1195 2765 significare
1213 2677 1362 2744 ridetur.
1390 2674 1675 2763 importunum
1663 2703 1686 2748 ι.

279 2799 309 2846 e
316 2781 547 2868 invidiosum,
566 2783 737 2868 odiosum,
756 2802 939 2869 arrogem,
960 2782 999 2847 in
1019 2785 1164 2846 eandem
1186 2784 1392 2847 sententium
1412 2769 1549 2848 Auctor.
1559 2787 1620 2867 Ep.
1641 2787 1686 2848 ed

230 2959 232 2965 ,
282 2887 364 2956 Ces.
397 2888 442 2951 de
461 2889 548 2971 Rep.
571 2889 656 2952 Ord.
675 2905 704 2950 ι.
732 2903 763 2963 4.
791 2881 1111 2970 importunissima
1139 2906 1277 2972 genera
1307 2881 1497 2951 bominum
1526 2887 1621 2955 dicit.
1652 2895 1688 2954 et

278 2993 356 3077 Jug.
374 2995 424 3054 31.
456 2989 516 3054 illi
535 2999 714 3074 quantum
735 2984 1034 3072 importunitatis
1052 2987 1197 3054 habent.
1217 2989 1286 3052 Cic.
1306 2990 1403 3054 Verr.
1424 2992 1453 3052 6.
1474 2992 1524 3054 so.
1550 2986 1687 3073 impor.

279 3088 496 3160 tuuissimae
507 3090 683 3160 libidines.
695 3129 739 3146 -
750 3112 873 3158 omnes
879 3113 952 3158 rer.
971 3087 1207 3156 mutationes.
1217 3089 1411 3175 significare
1418 3092 1557 3157 ridetur
1570 3095 1688 3182 reipu-

277 3198 379 3263 blicae
398 3205 524 3262 statum
554 3196 706 3262 Sullanis
742 3194 957 3279 temporibus
994 3203 1028 3258 et
1055 3203 1132 3280 post
1161 3198 1329 3260 cesarem
1358 3205 1534 3264 mortuum
1562 3201 1687 3288 sepius

278 3311 465 3375 mutatum.
481 3297 639 3385 aliaque.
661 3323 747 3386 que,
767 3303 864 3383 quod
883 3299 1048 3366 hocloco
1069 3301 1206 3366 Cortius
1226 3299 1394 3368 intactum
1412 3304 1574 3391 reliquit,
1593 3307 1684 3372 Flos.

278 3413 309 3478 3.
343 3427 411 3473 οιιι.
424 3406 666 3491 portendant.
695 3406 720 3471 i.
748 3424 778 3471 e.
808 3425 882 3468 non
912 3405 1027 3469 solum
1045 3404 1261 3490 significent,
1288 3407 1349 3474 sed
1385 3408 1585 3476 certissimis
1612 3411 1686 3493 ejus

277 3514 330 3584 tei
346 3513 487 3580 indiciis
509 3513 700 3578 ostendent.
720 3531 797 3594 quae
816 3509 1115 3575 laudavitcortius
1134 3509 1212 3576 loon
1222 3511 1290 3579 cic.
1311 3513 1395 3599 Epp.
1418 3535 1475 3600 ro,
1496 3517 1547 3580 δι.
1568 3519 1686 3595 etliv.

279 3621 330 3687 ns.
353 3621 382 3682 5.
422 3617 515 3682 nihil
533 3619 579 3680 ad
598 3635 672 3697 rem
692 3615 833 3690 iaciunt.
862 3615 1024 3680 alienon
1045 3624 1240 3701 suppetunt.
1271 3613 1353 3683 niti.
1382 3619 1442 3690 cfr.
1474 3624 1544 3686 Cat.
1570 3623 1684 3687 initio.

277 3743 316 3788 se
325 3717 553 3812 fungendo:
582 3741 684 3812 ppon,
714 3720 754 3785 in
784 3721 894 3784 tribus
915 3719 1087 3784 Cottianis
1106 3721 1291 3802 omissum
1325 3723 1528 3790 confirmare
1546 3723 1685 3791 videtur

277 3827 422 3893 Hieron.
441 3824 570 3910 praeiet.
596 3826 636 3890 in
656 3827 810 3890 Esdram.
833 3831 867 3891 et
881 3826 1023 3889 Nehem.
1046 3825 1209 3889 Frustra
1229 3833 1373 3909 antem,
1394 3829 1510 3911 (utait
1522 3829 1683 3920 quidem)

276 3928 366 4014 niti,
386 3952 502 4013 neque
516 3926 622 3995 atiud
628 3925 837 4020 fatigando
858 3924 933 3993 riri
951 3923 1075 3994 odium
1097 3947 1272 4008 quaerere
1285 3939 1348 3996 etc.
1367 3935 1427 3997 sed
1447 3953 1571 4020 perum
1592 3943 1684 4004 certe

277 4035 380 4116 hujus
398 4035 552 4100 bominis
572 4034 656 4100 fides
683 4044 754 4115 est,
781 4035 878 4117 quod
905 4031 1029 4117 sepius
1054 4029 1270 4119 pessimum,
1279 4055 1349 4117 quc
1368 4037 1495 4125 utimr,
1513 4039 1684 4123 loquendi

277 4159 386 4228 gerru
406 4139 556 4208 ιιοιιιιιιι
583 4139 786 4210 salustianis
806 4146 966 4221 exornet,
984 4135 1067 4258 inde
1088 4137 1180 4204 nibil
1203 4137 1340 4211 efficias.
1361 4151 1452 4212 certe
1471 4144 1600 4214 excolo
1613 4145 1682 4210 hcc
1740 4227 1744 4238 ἡ

1331 4255 1377 4326 23
