4116 4970
401 401 453 474 (μ

400 572 527 638 blicam
544 575 784 656 capessendam
805 573 990 655 accedunt,
1010 575 1044 636 et
1063 587 1167 634 nemo
1187 587 1228 636 ex
1247 562 1729 648 comm-majorihmsummos
1743 567 1810 632 ho-

403 699 502 745 nores
522 679 636 762 gessit.
664 677 724 742 cfr.
746 677 814 742 Cic.
836 699 901 764 pro
921 681 1099 742 Muraena.
1118 695 1188 760 cap.
1210 677 1239 738 8.
1261 673 1321 739 cfr.
1340 676 1429 759 App.
1447 671 1564 742 actv.
1577 675 1659 738 ll.a.
1679 679 1808 746 movet

401 779 468 858 situ
484 779 547 860 loric
566 781 619 866 ἐφ’
638 784 746 857 faciit
764 782 845 852 a'aa'
863 785 897 855 ni
913 785 969 859 'liis
987 780 1144 880 προγόνων
1165 780 1343 879 γνωρίμους·
1368 779 1436 842 010·
1458 779 1551 843 om·
1573 780 1643 842 0²¹·
1661 798 1690 844 ¹·
1705 801 1753 844 ¹¹·
1770 799 1807 848 Se
1884 873 1888 880 ι

400 892 513 978 ipsum
520 931 531 974 ‚
556 887 736 954 hominem
749 910 821 973 per
850 910 891 954 se
923 885 1132 979 cognitum,
1152 887 1260 950 nullo
1280 880 1593 949 commendatione
1619 881 1805 977 majorum

400 996 495 1062 dicit.
530 996 589 1060 Or.
610 995 725 1060 Pison.
744 1016 772 1060 1.
796 990 999 1088 postsuere.
1028 993 1053 1058 i.
1082 1011 1113 1058 e.
1140 999 1334 1076 cesserunt,
1353 988 1558 1075 posthabitas
1579 999 1669 1054 suut.
1689 991 1807 1056 Senee.

400 1107 459 1186 Ep.
482 1116 550 1177 ¹⁰4·
571 1119 677 1166 nemo
697 1100 763 1164 tibi
782 1107 860 1184 post
881 1108 914 1166 te
934 1097 1103 1165 videatur.
1122 1098 1243 1161 Horat.
1262 1097 1328 1160 Od.
1346 1101 1376 1160 ³.
1397 1117 1427 1177 9.
1448 1099 1479 1164 6.
1501 1115 1617 1178 neque
1635 1104 1721 1160 erat
1733 1099 1805 1186 Ly-

400 1202 462 1270 dia
475 1212 566 1290 poet
587 1204 738 1272 Chloen.
764 1203 888 1270 melius
908 1204 1013 1270 etiam
1033 1205 1101 1268 hoc
1121 1202 1199 1266 loco
1219 1199 1400 1282 sejunctim
1418 1201 1589 1266 scribitur.
1608 1203 1720 1288 Aegre
1738 1203 1805 1266 hoc

399 1309 625 1374 obtinuerunt
653 1309 864 1393 optimates3
894 1328 974 1372 nam
993 1307 1144 1372 Asconio
1174 1315 1259 1373 teste
1275 1343 1280 1352 ·
1296 1348 1313 1383 ,
1327 1309 1363 1370 (2
1392 1308 1502 1372 Cesar
1528 1313 1572 1372 ct·
1593 1307 1640 1370 M.
1668 1309 1804 1372 Crassus

305 1490 311 1500 Ι
398 1414 559 1480 acerrimi
582 1413 757 1479 Ciceronis
776 1415 916 1480 fuerunt
936 1412 1174 1501 refragatores,
1195 1415 1291 1496 quod
1311 1412 1384 1493 ejus
1396 1407 1444 1476 'in
1464 1411 1537 1478 dies
1557 1411 1695 1477 civilem
1715 1431 1804 1478 cres-

305 1561 308 1568 ·
398 1539 474 1587 cere
494 1519 812 1588 animadvertebant
832 1520 1046 1608 dignitatem.
1068 1518 1309 1584 ceterumhuic
1329 1518 1477 1584 dictioni
1497 1517 1710 1604 oppositum:
1730 1540 1803 1584 esse

397 1630 485 1690 ante
504 1623 564 1689 cfr.
587 1627 722 1704 Canta.
732 1619 920 1718 facundia
940 1627 1103 1691 Graecos
1127 1631 1217 1690 ante
1235 1625 1425 1691 Romanoa
1433 1618 1582 1717 fuisse.

479 1731 562 1813 Cep.
583 1731 701 1796 XXIV.
732 1730 923 1798 &clarore
941 1731 966 1796 i.
986 1751 1015 1798 e.
1035 1729 1258 1809 renuntiare,
1278 1729 1419 1816 proprie
1438 1727 1603 1815 preconis
1623 1736 1682 1792 est.
1703 1731 1806 1811 quod

394 1828 549 1922 foetum
571 1855 647 1918 quae
667 1855 740 1914 res;
771 1845 1083 1903 concurrentum
1109 1837 1188 1921 quis
1214 1835 1253 1900 in
1278 1835 1611 1922 plusquamperfecto
1632 1827 1802 1914 offendam

396 1937 543 2004 consilio
564 1941 658 2006 enim
679 1944 747 2006 hoc
768 1949 902 2027 tempus
922 1952 1042 2008 auctor
1060 1944 1187 2029 posuit,
1207 1943 1460 2027 utdeclararet,
1480 1940 1549 2005 alia
1561 1951 1803 2026 posteaacces-

393 2042 490 2128 sisse,
512 2067 588 2128 quae
609 2057 740 2113 mentes
760 2067 880 2114 eorum
898 2051 1149 2134 perturbarent.
1169 2043 1356 2113 minuebat
1383 2047 1478 2130 quod
1503 2045 1575 2132 legi
1595 2047 1697 2127 jussit
1721 2047 1801 2110 Aci-

392 2150 505 2214 dalius
525 2153 569 2216 ad
591 2154 712 2234 Vellej.
732 2157 829 2220 Tom.
845 2157 889 2222 11.
908 2175 986 2244 pag.
1000 2158 1071 2234 584.
1092 2156 1153 2220 Ed.
1175 2152 1314 2218 Ruhnk.
1335 2153 1440 2218 habet
1456 2151 1624 2238 quidem,
1652 2173 1722 2234 quo
1742 2155 1801 2218 de·

393 2253 564 2321 fendatur.
607 2259 667 2324 cfr.
688 2262 777 2328 Getl.
801 2265 846 2326 rtl
872 2280 920 2327 1².
963 2265 1022 2328 sed
1043 2266 1087 2328 de
1109 2263 1215 2326 Codd.
1236 2278 1323 2344 quos
1344 2259 1479 2343 laudat,
1500 2256 1591 2321 nihil
1612 2258 1698 2324 certi
1718 2278 1800 2324 con·
1843 2335 1848 2342 ,

392 2369 467 2425 stat.
488 2383 595 2427 arma
608 2385 761 2448 parare.
783 2367 870 2430 alibi
891 2367 1027 2452 poetice
1049 2367 1177 2432 dicimr
1196 2366 1403 2453 probellum
1414 2382 1547 2449 parare.
1568 2365 1627 2430 sed
1642 2366 1798 2430 hocloco

392 2475 442 2530 est
461 2485 667 2551 comparare.
698 2471 767 2534 Cic.
789 2475 849 2556 Ep.
868 2472 936 2538 Att.
959 2490 1007 2538 ra.
1032 2495 1080 2555 19·
1109 2472 1240 2540 hortos
1261 2491 1411 2556 parare.
1439 2471 1521 2544 (ἷκε.
1543 2471 1572 2532 6.
1593 2491 1623 2551 9·
1646 2486 1677 2546 t·
1698 2491 1726 2539 ²·
1741 2473 1799 2564 ju·

392 2580 509 2632 menta
526 2571 650 2653 pretio.
670 2573 749 2658 lug.
762 2579 812 2641 32.
833 2593 948 2640 servos
969 2595 1058 2641 aere.
1077 2577 1201 2641 lustin.
1225 2580 1272 2640 ιθ.
1292 2583 1323 2640 ³.
1346 2572 1448 2640 breui
1465 2584 1625 2660 tempore
1644 2597 1800 2666 magnus

392 2694 478 2758 opes
492 2683 781 2760 paraverunt-
800 2687 984 2762 sumptam
1007 2688 1146 2746 mutuo.
1167 2681 1258 2746 Flor.
1276 2699 1306 2760 4.
1326 2705 1372 2746 m.
1392 2701 1458 2749 sec.
1477 2684 1568 2748 Med.
1592 2698 1639 2758 rs,
1660 2691 1693 2746 et
1713 2683 1798 2754 Cod.

390 2777 655 2868 Eichhoffianua
665 2803 769 2866 quem
783 2786 825 2850 V.
836 2785 878 2852 D.
886 2779 1055 2850 Eichholl.
1063 2787 1244 2871 Gymnasii
1252 2788 1522 2880 Weilburgensis
1532 2787 1706 2854 Professor
1719 2807 1798 2852 cum

389 2883 543 2953 editione
550 2907 626 2952 mea
639 2889 786 2954 contulit
797 2899 900 2973 atque
910 2890 1081 2958 variantes
1095 2891 1261 2960 lectiones
1277 2895 1418 2964 notavit.
1429 2895 1534 2961 Wisb.
1550 2893 1797 2979 MDcccxxv,

388 2999 515 3058 mutuo
536 3003 730 3079 sumptam.
752 2997 843 3062 Med.
857 2997 885 3061 5.
906 2999 966 3063 sed
987 3007 1146 3064 mutuum
1167 3002 1248 3066 dare
1270 3009 1303 3066 et
1321 3001 1475 3086 accipere
1496 3010 1586 3067 recte
1602 2999 1724 3066 Latine
1745 2998 1799 3064 di·

388 3095 490 3166 citur.
508 3098 568 3160 cfr.
589 3104 676 3168 Non.
699 3103 852 3168 Marcell.
866 3105 895 3166 5.
915 3125 962 3186 70·
979 3145 997 3180 ,
1012 3116 1170 3172 mutuum
1190 3125 1212 3170 a
1230 3105 1361 3174 foenorc
1381 3109 1449 3173 hoc
1469 3107 1588 3192 distat,
1608 3109 1703 3191 quod
1722 3125 1798 3168 mu·

386 3209 483 3262 tuum
505 3201 580 3265 sine
600 3204 720 3268 usuris.
742 3204 853 3268 foenus
873 3225 951 3271 cum
972 3210 1085 3272 usuris
1105 3213 1270 3296 sumitur,
1301 3221 1335 3278 et
1357 3219 1406 3277 est
1425 3214 1556 3298 accepti
1576 3213 1697 3278 foetus.
1724 3253 1764 3275 ..
1787 3255 1795 3274 .

387 3307 479 3369 unde
499 3295 676 3372 honestius
703 3315 861 3372 mutuum
888 3319 960 3395 est,
985 3315 1079 3392 quod
1101 3315 1164 3377 sub
1196 3309 1319 3381 affectu
1348 3316 1459 3381 amico
1480 3317 1558 3403 fiat,
1589 3325 1704 3382 tamen
1730 3333 1797 3380 usu

388 3411 550 3492 temporis
577 3412 760 3478 necessarii
780 3412 910 3480 foenore
930 3435 1064 3496 sumere
1092 3419 1197 3488 decet.
1230 3418 1290 3490 cfr.
1313 3421 1425 3497 Plaut.
1450 3422 1544 3488 Asin.
1572 3405 1598 3488 ι.
1619 3427 1646 3488 ³.
1669 3425 1718 3504 95.
1757 3421 1796 3486 Si

386 3507 519 3600 viginti
534 3509 654 3579 minas
674 3524 823 3580 mutuas
843 3537 918 3582 non
933 3527 1069 3600 potero
1079 3563 1091 3598 ,
1114 3513 1254 3588 certum
1276 3534 1345 3610 est,
1370 3548 1512 3593 sumere
1528 3523 1700 3619 foenore,
1734 3524 1796 3590 cfr.

385 3617 488 3682 ctiam
509 3621 607 3696 Paul.
627 3621 757 3708 Digest.
780 3639 828 3685 ra.
853 3644 879 3685 r.
902 3641 931 3687 a.
952 3631 1112 3688 mutuum
1133 3629 1433 3717 damusrecepturi
1454 3651 1527 3698 non
1553 3645 1698 3698 eanuem
1719 3650 1795 3718 spe·

386 3721 473 3788 ciem
493 3763 536 3780 -
556 3728 726 3794 creditum
746 3748 767 3792 a
788 3737 909 3796 mutuo
930 3723 1065 3808 differt,
1085 3752 1156 3817 quo
1177 3755 1285 3824 genus
1305 3755 1326 3801 a
1345 3737 1461 3822 specie
1479 3774 1523 3791 -
1542 3747 1700 3802 mutuum
1722 3757 1794 3801 non

386 3836 496 3909 potest
518 3851 607 3918 esse,
630 3835 699 3899 nisi
718 3835 955 3920 proficiscatur
973 3839 1155 3922 pecunia.”
1196 3843 1387 3908 Faesulas.
1412 3843 1496 3908 urba
1516 3842 1554 3908 in
1574 3847 1794 3910 Etruscorum

384 3929 512 3996 finibus
532 3935 570 3997 in
604 3941 691 4004 colle
712 3943 821 4006 arduo
842 3941 925 4026 sita,
955 3943 1051 4024 cujus
1082 3944 1205 4012 ruinae
1233 3965 1305 4012 non
1337 3945 1459 4032 procul
1479 3969 1500 4012 a
1521 3947 1695 4014 florentia
1732 3950 1795 4011 ab·

383 4045 471 4100 sunt.
511 4039 561 4101 Eo
586 4043 731 4106 Colonia
762 4049 1011 4112 Veteranorum
1033 4069 1054 4112 a
1072 4051 1170 4116 Sulla
1191 4033 1416 4125 deducta'est.
1449 4054 1640 4138 Antiquum
1664 4071 1793 4124 nomen

387 4144 559 4210 recentior
587 4147 669 4210 urbs
689 4144 834 4214 Fiesole
860 4159 981 4216 servat.
1003 4152 1181 4221 Manlius.
1212 4155 1272 4220 cfr.
1301 4157 1390 4222 Plut.
1416 4159 1484 4228 vit.
1502 4235 1507 4244 .
1527 4159 1596 4225 Cic.
1624 4179 1696 4246 cap.
1742 4177 1791 4236 14.
1841 4203 1845 4212 .

381 4241 487 4350 ciliga
507 4253 526 4337 (
536 4252 616 4344 scil.
631 4249 765 4344 iniusta
792 4245 903 4348 ἕχονἹκ
929 4255 1094 4344 Μάλλιον)
1119 4259 1176 4336 tte
1193 4258 1342 4350 insparsis
1361 4260 1422 4336 sini
1449 4262 1556 4336 atus
1576 4263 1792 4366 sigelmus!-
1827 4349 1833 4356 ,
