4116 4970
391 344 440 424 50

396 537 468 600 baec
490 545 660 600 structura
687 535 849 600 translata
876 543 936 601 cst.
978 533 1047 618 Qui
1065 551 1177 596 causa
1195 529 1234 594 in
1252 529 1307 594 his
1320 525 1531 592 dictionibus
1550 523 1713 588 omissum
1725 541 1797 588 esse

393 643 564 717 statuunt,
595 635 639 696 nd
665 655 772 698 unum
799 637 988 702 alterumve
1017 637 1213 720 exemplum
1242 635 1332 698 bunc
1352 651 1509 696 normam
1530 629 1746 694 conformant
1767 643 1796 692 e.

394 757 444 822 gr.
454 741 526 800 Ter.
546 739 687 822 Adelph.
703 741 747 800 ll.
762 755 790 814 4.
808 742 836 800 6.
856 744 927 814 ,Ne
938 742 974 804 id
996 739 1192 804 assentandi
1212 739 1334 824 magis,
1357 759 1459 820 quam
1474 756 1544 819 quo
1561 737 1705 798 babeam
1719 751 1799 818 gra·

396 853 479 927 tum,
499 843 610 908 secere
631 844 836 920 existimet”,
859 855 890 910 et
908 847 1116 910 Plaut.Rud.
1135 843 1544 923 5.s.1tt..jusjurnndum
1563 841 1613 904 rei
1625 840 1798 902 servande

395 968 467 1010 non
488 950 675 1032 pet-dundee
694 949 872 1012 conditum
894 950 972 1014 cst.”
1003 951 1069 1014 Sed
1093 950 1241 1012 aliorum
1262 949 1418 1012 locorum
1437 949 1540 1032 plane
1559 943 1730 1010 contraris
1749 951 1798 1007 est

394 1053 494 1116 ratio.
517 1053 661 1136 esuque
678 1071 779 1136 supra
791 1055 1028 1139 laudavimus,
1061 1054 1172 1120 etCie.
1198 1057 1294 1120 Verr.
1310 1069 1338 1114 2.
1355 1057 1420 1132 ³3,
1440 1071 1537 1134 ,quae
1548 1071 1600 1116 res
1609 1049 1797 1116 evertenda!

394 1157 594 1240 reipublice
605 1159 831 1243 solentesse”,
842 1169 874 1224 et
885 1159 957 1226 Liv.
969 1164 1056 1240 3.39.
1076 1161 1161 1242 ,qui
1170 1157 1441 1224 vicissitudinem
1456 1154 1678 1242 imperitandi
1688 1153 1798 1238 (quod

394 1282 503 1324 unum
525 1262 568 1326 sit
591 1265 805 1344 exaequantlae
826 1263 1010 1347 libertatis)
1031 1265 1247 1344 sustulerit'';
1267 1281 1344 1346 quse
1365 1261 1506 1344 quidem
1526 1261 1602 1325 loca
1621 1257 1799 1322 simillima

268 1449 270 1454 Ι
397 1376 476 1430 sunt
493 1367 723 1431 usitatissimis
745 1368 928 1432 formulis:
948 1379 1025 1446 ,est
1042 1369 1144 1448 hujus
1154 1369 1241 1452 loci,
1262 1366 1436 1452 temporis,
1455 1364 1581 1430 fideiet
1606 1363 1718 1428 tutelae
1733 1362 1799 1424 nli-

399 1469 523 1548 cujus.”
544 1470 775 1536 clnRuddim.
793 1476 851 1537 Gr.
868 1477 942 1538 Lat.
955 1475 1212 1536 Ed.Stallbaum
1231 1475 1268 1538 P.
1279 1475 1376 1556 ll..p.
1395 1474 1463 1534 11⁵.
1477 1481 1510 1536 et
1528 1473 1597 1546 245.
1616 1467 1798 1550 quimulta

398 1574 539 1658 quidem
557 1575 659 1655 hujus
678 1587 853 1644 structurae
876 1578 1032 1662 exemplu
1056 1577 1229 1662 laudarit,
1250 1581 1309 1642 sed
1327 1577 1367 1640 in
1387 1576 1431 1640 iis
1450 1574 1662 1659 explicandis
1677 1589 1799 1660 parum

398 1690 535 1744 acutum
564 1701 600 1746 se
619 1684 769 1768 praebet,
799 1703 909 1766 neque
928 1684 1117 1747 accuratius
1137 1683 1176 1746 in
1200 1685 1264 1746 bac
1284 1704 1322 1746 re
1342 1683 1536 1746 Ramshorn
1556 1689 1717 1743 versatur.
1738 1676 1798 1740 cir.

400 1787 549 1854 Gramm.
572 1791 643 1850 Lat.
664 1787 693 1871 S.
709 1791 776 1858 108.
795 1793 872 1852 Not.
888 1808 917 1852 2.

479 1891 521 1956 Se
541 1892 726 1957 convertit.
747 1897 954 1977 Pronomen,
973 1897 1066 1974 quod
1091 1902 1253 1974 tanquam
1275 1897 1466 1974 suspectum
1484 1879 1800 1968 notaveram,ejici·

399 2002 526 2062 endum
542 2017 614 2062 esse
634 1999 751 2062 nullus
766 1999 898 2062 dubito.
920 1999 953 2064 C
953 2019 1033 2062 onv.
1047 2019 1085 2060 se
1097 1999 1186 2060 Med.
1202 2019 1231 2076 9.
1251 1997 1332 2060 Sese
1344 2015 1442 2058 conc.
1464 1994 1561 2055 Bnrb.
1572 2009 1602 2065 4.
1621 1989 1704 2052 etin
1715 1991 1798 2051 Ven.

399 2121 429 2166 s.
450 2123 540 2166 man.
563 2122 627 2168 sec.
649 2101 793 2182 adjeciti
824 2102 918 2182 cujus
939 2103 1024 2166 libri
1045 2101 1282 2165 auctoritatem
1304 2097 1507 2162 confirmant
1528 2096 1596 2158 alia
1616 2095 1709 2175 loca,
1739 2091 1799 2154 ubi

396 2207 562 2271 Salustius
582 2211 649 2272 hoc
668 2209 774 2278 uerbo
793 2231 857 2292 pro
880 2219 1001 2272 neutro
1023 2207 1141 2270 utitur.
1171 2207 1234 2281 cir,
1256 2204 1347 2268 inira
1361 2205 1409 2266 52.
1431 2200 1656 2264 mansuetudo
1678 2197 1716 2260 in
1737 2196 1800 2257 mi-

397 2311 522 2374 serium
542 2313 650 2376 vertit.
676 2321 709 2376 et
728 2315 806 2396 lug.
828 2316 877 2375 85.
906 2313 995 2375 mihi
1022 2311 1223 2376 benefacere
1248 2310 1319 2388 jam
1349 2309 1386 2372 in
1408 2318 1563 2370 naturam
1583 2301 1695 2370 vertit.
1724 2301 1800 2385 Jug.

402 2435 470 2476 101.
492 2417 661 2481 convertit
681 2419 725 2479 ad
747 2417 879 2499 pedites
900 2418 978 2478 Tac.
999 2417 1086 2478 Anu.
1102 2417 1192 2492 438.
1208 2414 1379 2494 judicium
1391 2422 1605 2498 posterorum
1624 2409 1661 2470 in
1681 2406 1800 2470 odium

400 2519 512 2578 vertit.
541 2520 654 2581 simile
684 2520 877 2600 exemplum
903 2521 978 2604 Aul.
999 2522 1088 2580 Gell.
1110 2525 1150 2582 N.
1173 2523 1211 2586 A.
1232 2522 1353 2586 XVlll.
1380 2543 1426 2585 tn.
1455 2538 1495 2580 en
1525 2513 1662 2576 Catonis
1683 2512 1799 2597 Origg.

400 2619 534 2682 laudat:
554 2641 630 2694 ,res
648 2641 767 2684 eorum
784 2621 893 2702 auxit,
915 2621 1017 2682 etiarn
1036 2603 1169 2684 mutant
1190 2641 1253 2705 pro
1276 2631 1461 2706 mutantur,
1481 2629 1582 2702 atque
1597 2623 1689 2682 hunc
1703 2637 1800 2681 usum

401 2723 570 2806 loquendi
591 2728 683 2811 apud
704 2725 865 2808 antiquos
886 2723 968 2788 satis
988 2725 1201 2806 frequentem
1223 2745 1294 2790 esse
1315 2728 1423 2789 docet.
1445 2711 1505 2788 cti.
1519 2729 1613 2792 Voss.
1633 2724 1800 2786 Annl.Ill.

410 2848 439 2906 4.
453 2842 487 2894 et
506 2832 610 2901 Periz.
625 2836 668 2897 ad
691 2831 802 2896 Sanct.
815 2831 899 2898 Min.
917 2833 1014 2894 11Ls.
1035 2829 1094 2894 cfr.
1109 2833 1222 2895 Rudd.
1238 2833 1297 2897 Ed.
1313 2831 1432 2894 Stullb
1449 2833 1476 2896 1.
1486 2852 1519 2914 p.
1539 2835 1605 2910 275.
1617 2827 1677 2910 qui
1688 2827 1801 2890 aliena

401 2937 530 3002 miscet.
550 2933 762 3021 Superbiam
779 2934 1144 3020 dominationemque.
1165 2937 1226 3019 qui
1247 2956 1366 3001 omnes
1382 2930 1801 3012 verborumjuncturnsii·

381 3097 386 3103 .
401 3062 564 3125 gurarum
578 3043 718 3108 nomine
733 3044 916 3129 explicent,
927 3045 1017 3106 hunc
1034 3039 1366 3127 quoqueEudiadyn
1380 3042 1529 3111 dicturos
1547 3059 1617 3103 esse
1630 3036 1800 3112 existim03

402 3149 463 3207 sed
485 3147 696 3228 singularum
717 3167 841 3210 vocum
867 3161 1023 3209 naturam
1048 3149 1191 3211 scrutari
1213 3159 1250 3208 ut
1275 3148 1422 3230 acutius,
1443 3147 1491 3208 ita
1507 3146 1620 3207 verius
1643 3153 1701 3211 est.
1727 3143 1801 3207 Im·

398 3258 600 3332 penatores.
610 3249 756 3332 priscam
770 3249 872 3325 hujus
885 3250 978 3312 vocis
991 3251 1277 3332 significationem
1289 3251 1442 3313 hocloco
1457 3249 1617 3332 expressit
1626 3247 1800 3310 Salustius

403 3352 565 3416 Terentio
595 3353 688 3416 enim
709 3355 864 3418 Varrone
888 3363 1026 3418 auctore
1052 3355 1223 3420 L.1.1v.
1244 3377 1271 3423 c.
1287 3357 1336 3429 16,
1371 3356 1593 3438 ,Imperator
1612 3353 1655 3416 sb
1676 3352 1801 3435 imper-

407 3455 576 3538 iopopuli
597 3456 737 3519 dictus.”
767 3454 966 3539 Imperium
988 3477 1135 3540 quoque,
1156 3479 1226 3522 non
1246 3462 1339 3541 quod
1359 3459 1499 3543 proprie
1518 3459 1567 3522 ita
1587 3456 1800 3540 diuinassent

405 3559 635 3644 magistratus,
645 3569 792 3643 potestus
798 3559 953 3643 publica,
962 3569 1001 3623 ut
1009 3561 1141 3642 saepius.
1152 3559 1266 3627 Binos
1275 3561 1358 3648 imp.
1367 3565 1455 3634 Flor,
1465 3566 1489 3626 Ι.
1502 3565 1725 3630 Insolescere
1735 3559 1759 3632 i.
1769 3577 1800 3627 e.

404 3665 600 3750 superbire;
623 3663 683 3728 cfr.
700 3665 780 3728 Cato
797 3665 889 3728 Orat.
903 3685 967 3749 pro
976 3667 1241 3736 Rhodiensibus.
1254 3670 1340 3745 ..Ad
1352 3669 1556 3753 superbiam
1571 3667 1801 3748 ferociamque

406 3769 1799 3854 etimmodicummoduminsolescerent.’'clr.Aul.Gell.N.A.³.7.etTac.Hist.2.7.

487 3877 565 3956 Cap.
580 3879 653 3939 VII.
685 3873 810 3965 Magis
831 3879 1014 3942 extollere.
1046 3879 1156 3964 Magis
1176 3899 1243 3943 om.
1261 3881 1352 3946 Med.
1371 3893 1415 3942 ιε.
1438 3881 1497 3941 sed
1515 3895 1604 3940 unus
1624 3897 1665 3938 ex
1684 3877 1803 3941 multis

408 3980 530 4056 codd.;
542 3999 647 4060 quare
657 3981 860 4062 particulam
873 3979 988 4044 delere
1002 3981 1134 4046 dubito.
1177 3985 1261 4045 cum
1275 3982 1367 4046 enim
1382 3985 1487 4047 codd.
1505 3981 1700 4048 testimonis
1718 3983 1803 4044 Con·

407 4083 450 4148 tii
477 4082 707 4163 conjecturam
730 4103 801 4146 non
821 4083 1038 4170 confirment,
1066 4105 1150 4168 quus
1169 4082 1284 4171 affert,
1303 4087 1452 4154 rationes
1469 4088 1617 4152 infirmae
1630 4085 1802 4150 videntur.
1885 4087 1891 4100 '

405 4189 507 4272 Quod
527 4189 622 4256 enim
651 4187 736 4252 dicit
751 4188 813 4252 sub
837 4187 976 4273 regibus
992 4191 1167 4256 neminem
1188 4211 1225 4258 se
1241 4193 1403 4262 extollere
1420 4194 1588 4282 potuisse,
1609 4193 1802 4276 respondeo
