<?xml version="1.0" encoding="UTF-8"?>
<!DOCTYPE html PUBLIC "-//W3C//DTD XHTML 1.0 Transitional//EN"
    "http://www.w3.org/TR/xhtml1/DTD/xhtml1-transitional.dtd">
<html xmlns="http://www.w3.org/1999/xhtml" xml:lang="en" lang="en">
 <head>
  <title>
</title>
<meta http-equiv="Content-Type" content="text/html;charset=utf-8" />
  <meta name='ocr-system' content='tesseract 3.04.00' />
  <meta name='ocr-capabilities' content='ocr_page ocr_carea ocr_par ocr_line ocrx_word'/>
</head>
<body>
  <div class='ocr_page' id='page_1' title='image "./salustiiquaeexs02sallgoog_0109.png"; bbox 0 0 4106 4974; ppageno 0'>
   <div class='ocr_carea' id='block_1_1' title="bbox 394 415 445 514">
    <p class='ocr_par' dir='ltr' id='par_1_1' title="bbox 394 415 445 514">
     <span class='ocr_line' id='line_1_1' title="bbox 394 415 445 514; baseline 0 0"><span class='ocrx_word' id='word_1_1' title='bbox 394 415 445 514; x_wconf 82' lang='grc'><strong>96</strong></span> 
     </span>
    </p>
   </div>
   <div class='ocr_carea' id='block_1_2' title="bbox 313 604 1800 1744">
    <p class='ocr_par' dir='ltr' id='par_1_2' title="bbox 313 604 1800 1744">
     <span class='ocr_line' id='line_1_2' title="bbox 389 604 1797 694; baseline -0.001 -20"><span class='ocrx_word' id='word_1_2' title='bbox 389 610 450 674; x_wconf 86' lang='lat' dir='ltr'><strong>lat.</strong></span> <span class='ocrx_word' id='word_1_3' title='bbox 471 605 529 672; x_wconf 79' lang='lat' dir='ltr'><strong>cir.</strong></span> <span class='ocrx_word' id='word_1_4' title='bbox 549 607 655 674; x_wconf 87' lang='lat' dir='ltr'><strong>Prisc.</strong></span> <span class='ocrx_word' id='word_1_5' title='bbox 674 609 735 674; x_wconf 85' lang='lat' dir='ltr'><strong>Ed.</strong></span> <span class='ocrx_word' id='word_1_6' title='bbox 755 607 865 674; x_wconf 85' lang='lat' dir='ltr'><strong>llrehl</strong></span> <span class='ocrx_word' id='word_1_7' title='bbox 880 623 910 672; x_wconf 85' lang='lat' dir='ltr'><strong>a.</strong></span> <span class='ocrx_word' id='word_1_8' title='bbox 929 625 1007 694; x_wconf 82' lang='lat' dir='ltr'><strong>pag.</strong></span> <span class='ocrx_word' id='word_1_9' title='bbox 1030 611 1097 671; x_wconf 75' lang='lat'><strong>18².</strong></span> <span class='ocrx_word' id='word_1_10' title='bbox 1124 608 1219 694; x_wconf 81' lang='lat' dir='ltr'><strong>Virg.</strong></span> <span class='ocrx_word' id='word_1_11' title='bbox 1236 609 1360 693; x_wconf 83' lang='lat' dir='ltr'><strong>Georg.</strong></span> <span class='ocrx_word' id='word_1_12' title='bbox 1387 627 1414 669; x_wconf 84' lang='lat' dir='ltr'><strong>r.</strong></span> <span class='ocrx_word' id='word_1_13' title='bbox 1433 604 1527 683; x_wconf 63' lang='lat' dir='ltr'><strong>lto„</strong></span> <span class='ocrx_word' id='word_1_14' title='bbox 1539 647 1556 681; x_wconf 70' lang='grc'>«</span> <span class='ocrx_word' id='word_1_15' title='bbox 1574 607 1665 672; x_wconf 86' lang='lat' dir='ltr'><strong>Tum</strong></span> <span class='ocrx_word' id='word_1_16' title='bbox 1686 606 1797 692; x_wconf 85' lang='lat' dir='ltr'><strong>liqui·</strong></span> 
     </span>
     <span class='ocr_line' id='line_1_3' title="bbox 393 703 1799 802; baseline 0 -25"><span class='ocrx_word' id='word_1_17' title='bbox 393 717 453 778; x_wconf 86' lang='lat' dir='ltr'><strong>das</strong></span> <span class='ocrx_word' id='word_1_18' title='bbox 473 715 567 778; x_wconf 85' lang='lat' dir='ltr'><strong>corvi</strong></span> <span class='ocrx_word' id='word_1_19' title='bbox 585 733 702 799; x_wconf 91' lang='lat' dir='ltr'><strong>presso</strong></span> <span class='ocrx_word' id='word_1_20' title='bbox 720 721 773 780; x_wconf 89' lang='lat' dir='ltr'><strong>ter</strong></span> <span class='ocrx_word' id='word_1_21' title='bbox 791 723 930 802; x_wconf 84' lang='lat' dir='ltr'><strong>gutture</strong></span> <span class='ocrx_word' id='word_1_22' title='bbox 954 733 1055 779; x_wconf 81' lang='lat' dir='ltr'><strong>voces</strong></span> <span class='ocrx_word' id='word_1_23' title='bbox 1075 721 1143 778; x_wconf 86' lang='lat' dir='ltr'><strong>out</strong></span> <span class='ocrx_word' id='word_1_24' title='bbox 1171 703 1292 796; x_wconf 83' lang='lat' dir='ltr'><strong>quater</strong></span> <span class='ocrx_word' id='word_1_25' title='bbox 1312 711 1537 799; x_wconf 74' lang='lat' dir='ltr'><strong>ingeminant,</strong></span> <span class='ocrx_word' id='word_1_26' title='bbox 1552 711 1572 746; x_wconf 89' lang='lat'><strong>”</strong></span> <span class='ocrx_word' id='word_1_27' title='bbox 1612 714 1742 777; x_wconf 87' lang='lat' dir='ltr'><strong>Dolum</strong></span> <span class='ocrx_word' id='word_1_28' title='bbox 1763 721 1799 779; x_wconf 83' lang='lat' dir='ltr'><strong>et</strong></span> 
     </span>
     <span class='ocr_line' id='line_1_4' title="bbox 392 805 1799 906; baseline -0.001 -22"><span class='ocrx_word' id='word_1_29' title='bbox 392 819 533 884; x_wconf 81' lang='lat' dir='ltr'><strong>astutias</strong></span> <span class='ocrx_word' id='word_1_30' title='bbox 547 817 665 904; x_wconf 74' lang='lat' dir='ltr'><strong>jungit</strong></span> <span class='ocrx_word' id='word_1_31' title='bbox 693 819 798 882; x_wconf 86' lang='lat' dir='ltr'><strong>etiam</strong></span> <span class='ocrx_word' id='word_1_32' title='bbox 826 820 967 885; x_wconf 86' lang='lat' dir='ltr'><strong>Plautus</strong></span> <span class='ocrx_word' id='word_1_33' title='bbox 987 823 1048 906; x_wconf 89' lang='lat' dir='ltr'><strong>Ep.</strong></span> <span class='ocrx_word' id='word_1_34' title='bbox 1071 825 1100 885; x_wconf 77' lang='grc'><strong>3.</strong></span> <span class='ocrx_word' id='word_1_35' title='bbox 1122 837 1151 883; x_wconf 87' lang='lat' dir='ltr'><strong>a.</strong></span> <span class='ocrx_word' id='word_1_36' title='bbox 1192 805 1272 884; x_wconf 76' lang='lat' dir='ltr'><strong>erem</strong></span> <span class='ocrx_word' id='word_1_37' title='bbox 1286 814 1573 904; x_wconf 82' lang='lat' dir='ltr'><strong>permeditotam</strong></span> <span class='ocrx_word' id='word_1_38' title='bbox 1594 813 1683 882; x_wconf 83' lang='lat' dir='ltr'><strong>meis</strong></span> <span class='ocrx_word' id='word_1_39' title='bbox 1702 814 1799 883; x_wconf 82' lang='lat' dir='ltr'><strong>dolis</strong></span> 
     </span>
     <span class='ocr_line' id='line_1_5' title="bbox 393 919 1798 1006; baseline -0.002 -19"><span class='ocrx_word' id='word_1_40' title='bbox 393 919 611 1006; x_wconf 61' lang='lat' dir='ltr'><strong>astutiaeque</strong></span> <span class='ocrx_word' id='word_1_41' title='bbox 630 932 801 988; x_wconf 84' lang='lat' dir='ltr'><strong>onustum</strong></span> <span class='ocrx_word' id='word_1_42' title='bbox 823 922 980 994; x_wconf 86' lang='lat' dir='ltr'><strong>mittam.</strong></span> <span class='ocrx_word' id='word_1_43' title='bbox 1013 957 1051 972; x_wconf 93' lang='lat'>-</span> <span class='ocrx_word' id='word_1_44' title='bbox 1079 925 1185 989; x_wconf 79' lang='lat' dir='ltr'><strong>dolus</strong></span> <span class='ocrx_word' id='word_1_45' title='bbox 1203 927 1289 992; x_wconf 86' lang='lat' dir='ltr'><strong>Fest.</strong></span> <span class='ocrx_word' id='word_1_46' title='bbox 1328 923 1529 999; x_wconf 62' lang='lat' dir='ltr'><strong>«vocabulo</strong></span> <span class='ocrx_word' id='word_1_47' title='bbox 1550 941 1642 986; x_wconf 91' lang='lat' dir='ltr'><strong>nunc</strong></span> <span class='ocrx_word' id='word_1_48' title='bbox 1665 931 1798 985; x_wconf 88' lang='lat' dir='ltr'><strong>tantum</strong></span> 
     </span>
     <span class='ocr_line' id='line_1_6' title="bbox 393 1023 1798 1114; baseline 0.001 -24"><span class='ocrx_word' id='word_1_49' title='bbox 393 1027 432 1090; x_wconf 89' lang='lat' dir='ltr'><strong>iu</strong></span> <span class='ocrx_word' id='word_1_50' title='bbox 453 1028 553 1092; x_wconf 83' lang='lat' dir='ltr'><strong>malis</strong></span> <span class='ocrx_word' id='word_1_51' title='bbox 571 1029 720 1114; x_wconf 85' lang='lat' dir='ltr'><strong>utimur,</strong></span> <span class='ocrx_word' id='word_1_52' title='bbox 749 1030 886 1112; x_wconf 76' lang='lat' dir='ltr'><strong>antiqui</strong></span> <span class='ocrx_word' id='word_1_53' title='bbox 906 1023 1021 1095; x_wconf 85' lang='lat' dir='ltr'><strong>autem</strong></span> <span class='ocrx_word' id='word_1_54' title='bbox 1041 1031 1145 1095; x_wconf 87' lang='lat' dir='ltr'><strong>etiam</strong></span> <span class='ocrx_word' id='word_1_55' title='bbox 1165 1029 1203 1094; x_wconf 89' lang='lat' dir='ltr'><strong>in</strong></span> <span class='ocrx_word' id='word_1_56' title='bbox 1223 1030 1326 1094; x_wconf 90' lang='lat' dir='ltr'><strong>bonis</strong></span> <span class='ocrx_word' id='word_1_57' title='bbox 1347 1031 1448 1094; x_wconf 86' lang='lat' dir='ltr'><strong>rebus</strong></span> <span class='ocrx_word' id='word_1_58' title='bbox 1468 1029 1677 1108; x_wconf 70' lang='lat' dir='ltr'><strong>utebantura</strong></span> <span class='ocrx_word' id='word_1_59' title='bbox 1704 1029 1798 1092; x_wconf 82' lang='lat' dir='ltr'><strong>unda</strong></span> 
     </span>
     <span class='ocr_line' id='line_1_7' title="bbox 313 1131 1797 1222; baseline -0.001 -26"><span class='ocrx_word' id='word_1_60' title='bbox 313 1195 327 1209; x_wconf 75' lang='grc'><em>,</em></span> <span class='ocrx_word' id='word_1_61' title='bbox 393 1135 507 1198; x_wconf 88' lang='lat' dir='ltr'><strong>adhuc</strong></span> <span class='ocrx_word' id='word_1_62' title='bbox 527 1133 701 1200; x_wconf 83' lang='lat' dir='ltr'><strong>dicimus:</strong></span> <span class='ocrx_word' id='word_1_63' title='bbox 733 1131 812 1198; x_wconf 85' lang='lat' dir='ltr'><strong>sine</strong></span> <span class='ocrx_word' id='word_1_64' title='bbox 832 1137 916 1200; x_wconf 86' lang='lat' dir='ltr'><strong>dolo</strong></span> <span class='ocrx_word' id='word_1_65' title='bbox 938 1135 1076 1201; x_wconf 87' lang='lat' dir='ltr'><strong>malo.”</strong></span> <span class='ocrx_word' id='word_1_66' title='bbox 1109 1137 1280 1222; x_wconf 51' lang='lat' dir='ltr'><strong>consentit</strong></span> <span class='ocrx_word' id='word_1_67' title='bbox 1313 1135 1451 1219; x_wconf 86' lang='lat' dir='ltr'><strong>Ulpian.</strong></span> <span class='ocrx_word' id='word_1_68' title='bbox 1481 1134 1609 1218; x_wconf 82' lang='lat' dir='ltr'><strong>Digest.</strong></span> <span class='ocrx_word' id='word_1_69' title='bbox 1630 1147 1660 1210; x_wconf 98' lang='grc'><strong>4.</strong></span> <span class='ocrx_word' id='word_1_70' title='bbox 1678 1131 1745 1196; x_wconf 87' lang='lat' dir='ltr'><strong>Tit.</strong></span> <span class='ocrx_word' id='word_1_71' title='bbox 1764 1135 1797 1195; x_wconf 80' lang='grc'><strong>5.</strong></span> 
     </span>
     <span class='ocr_line' id='line_1_8' title="bbox 393 1236 1799 1326; baseline 0 -26"><span class='ocrx_word' id='word_1_72' title='bbox 393 1249 549 1313; x_wconf 60' lang='grc' dir='ltr'><strong>«νείατος</strong></span> <span class='ocrx_word' id='word_1_73' title='bbox 569 1239 671 1304; x_wconf 85' lang='lat' dir='ltr'><strong>etiam</strong></span> <span class='ocrx_word' id='word_1_74' title='bbox 691 1240 813 1302; x_wconf 87' lang='lat' dir='ltr'><strong>dolum</strong></span> <span class='ocrx_word' id='word_1_75' title='bbox 831 1240 963 1304; x_wconf 88' lang='lat' dir='ltr'><strong>bonum</strong></span> <span class='ocrx_word' id='word_1_76' title='bbox 982 1241 1161 1326; x_wconf 84' lang='lat' dir='ltr'><strong>dicebant,</strong></span> <span class='ocrx_word' id='word_1_77' title='bbox 1181 1249 1215 1304; x_wconf 87' lang='lat' dir='ltr'><strong>et</strong></span> <span class='ocrx_word' id='word_1_78' title='bbox 1235 1247 1299 1324; x_wconf 88' lang='lat' dir='ltr'><strong>p&#39;ro</strong></span> <span class='ocrx_word' id='word_1_79' title='bbox 1319 1239 1458 1305; x_wconf 85' lang='lat' dir='ltr'><strong>solertia</strong></span> <span class='ocrx_word' id='word_1_80' title='bbox 1478 1241 1546 1304; x_wconf 87' lang='lat' dir='ltr'><strong>hoc</strong></span> <span class='ocrx_word' id='word_1_81' title='bbox 1566 1257 1693 1302; x_wconf 86' lang='lat' dir='ltr'><strong>nomen</strong></span> <span class='ocrx_word' id='word_1_82' title='bbox 1710 1236 1799 1301; x_wconf 86' lang='lat' dir='ltr'><strong>aoei-</strong></span> 
     </span>
     <span class='ocr_line' id='line_1_9' title="bbox 394 1337 1800 1434; baseline 0 -27"><span class='ocrx_word' id='word_1_83' title='bbox 394 1343 581 1427; x_wconf 85' lang='lat' dir='ltr'><strong>piebant.&#39;’·</strong></span> <span class='ocrx_word' id='word_1_84' title='bbox 606 1340 794 1412; x_wconf 74' lang='lat' dir='ltr'><strong>Catilinae</strong></span> <span class='ocrx_word' id='word_1_85' title='bbox 802 1345 988 1429; x_wconf 78' lang='lat' dir='ltr'><em>proderet.</em></span> <span class='ocrx_word' id='word_1_86' title='bbox 1002 1348 1126 1434; x_wconf 56' lang='lat' dir='ltr'><strong>Vana„</strong></span> <span class='ocrx_word' id='word_1_87' title='bbox 1138 1345 1344 1430; x_wconf 81' lang='lat' dir='ltr'><strong>pronomine</strong></span> <span class='ocrx_word' id='word_1_88' title='bbox 1366 1345 1502 1412; x_wconf 88' lang='lat' dir='ltr'><strong>omisso.</strong></span> <span class='ocrx_word' id='word_1_89' title='bbox 1518 1340 1697 1428; x_wconf 82' lang='lat' dir='ltr'><strong>pactione</strong></span> <span class='ocrx_word' id='word_1_90' title='bbox 1708 1337 1800 1426; x_wconf 87' lang='lat' dir='ltr'><strong>pro·</strong></span> 
     </span>
     <span class='ocr_line' id='line_1_10' title="bbox 395 1444 1798 1535; baseline -0.001 -24"><span class='ocrx_word' id='word_1_91' title='bbox 395 1444 546 1522; x_wconf 71' lang='lat' dir='ltr'><strong>vinciae.</strong></span> <span class='ocrx_word' id='word_1_92' title='bbox 566 1447 604 1511; x_wconf 90' lang='lat' dir='ltr'><strong>in</strong></span> <span class='ocrx_word' id='word_1_93' title='bbox 618 1449 686 1512; x_wconf 89' lang='lat' dir='ltr'><strong>Pis.</strong></span> <span class='ocrx_word' id='word_1_94' title='bbox 707 1469 777 1534; x_wconf 82' lang='lat' dir='ltr'><strong>cap</strong></span> <span class='ocrx_word' id='word_1_95' title='bbox 795 1465 825 1515; x_wconf 78' lang='lat' dir='ltr'><strong>a.</strong></span> <span class='ocrx_word' id='word_1_96' title='bbox 853 1449 1068 1535; x_wconf 84' lang='lat' dir='ltr'><strong>provinciam</strong></span> <span class='ocrx_word' id='word_1_97' title='bbox 1090 1451 1220 1515; x_wconf 86' lang='lat' dir='ltr'><strong>scilicet</strong></span> <span class='ocrx_word' id='word_1_98' title='bbox 1241 1449 1481 1514; x_wconf 85' lang='lat' dir='ltr'><strong>Macedoniarn</strong></span> <span class='ocrx_word' id='word_1_99' title='bbox 1494 1449 1527 1514; x_wconf 88' lang='lat' dir='ltr'><strong>ei</strong></span> <span class='ocrx_word' id='word_1_100' title='bbox 1547 1451 1798 1512; x_wconf 80' lang='lat' dir='ltr'><strong>decernendam</strong></span> 
     </span>
     <span class='ocr_line' id='line_1_11' title="bbox 398 1551 1797 1629; baseline 0.003 -13"><span class='ocrx_word' id='word_1_101' title='bbox 398 1552 541 1617; x_wconf 81' lang='lat' dir='ltr'><strong>curavit.</strong></span> <span class='ocrx_word' id='word_1_102' title='bbox 568 1551 628 1619; x_wconf 84' lang='lat' dir='ltr'><strong>cfr.</strong></span> <span class='ocrx_word' id='word_1_103' title='bbox 655 1554 744 1616; x_wconf 86' lang='lat' dir='ltr'><strong>Plut.</strong></span> <span class='ocrx_word' id='word_1_104' title='bbox 764 1555 844 1622; x_wconf 86' lang='lat' dir='ltr'><strong>Vita</strong></span> <span class='ocrx_word' id='word_1_105' title='bbox 862 1555 930 1620; x_wconf 84' lang='lat' dir='ltr'><strong>cic.</strong></span> <span class='ocrx_word' id='word_1_106' title='bbox 949 1578 979 1621; x_wconf 87' lang='lat' dir='ltr'><strong>c.</strong></span> <span class='ocrx_word' id='word_1_107' title='bbox 992 1573 1039 1619; x_wconf 81' lang='lat'><strong>12.</strong></span> <span class='ocrx_word' id='word_1_108' title='bbox 1062 1552 1279 1620; x_wconf 69' lang='lat' dir='ltr'><strong>dissentiret.</strong></span> <span class='ocrx_word' id='word_1_109' title='bbox 1300 1557 1375 1621; x_wconf 84' lang='lat' dir='ltr'><strong>Vat.</strong></span> <span class='ocrx_word' id='word_1_110' title='bbox 1391 1576 1417 1616; x_wconf 91' lang='grc' dir='ltr'><strong>ι.</strong></span> <span class='ocrx_word' id='word_1_111' title='bbox 1435 1569 1464 1616; x_wconf 82' lang='lat' dir='ltr'><strong>a.</strong></span> <span class='ocrx_word' id='word_1_112' title='bbox 1485 1557 1514 1620; x_wconf 76' lang='lat'><strong>3.</strong></span> <span class='ocrx_word' id='word_1_113' title='bbox 1529 1569 1556 1629; x_wconf 84' lang='grc'><strong>4.</strong></span> <span class='ocrx_word' id='word_1_114' title='bbox 1572 1557 1601 1621; x_wconf 89' lang='grc'><strong>6.</strong></span> <span class='ocrx_word' id='word_1_115' title='bbox 1613 1551 1797 1620; x_wconf 85' lang='lat' dir='ltr'><strong>clientum.</strong></span> 
     </span>
     <span class='ocr_line' id='line_1_12' title="bbox 398 1647 1789 1744; baseline -0.001 -21"><span class='ocrx_word' id='word_1_116' title='bbox 398 1661 529 1723; x_wconf 65' lang='lat' dir='ltr'><strong>Vale.</strong></span> <span class='ocrx_word' id='word_1_117' title='bbox 561 1661 604 1722; x_wconf 85' lang='lat' dir='ltr'><strong>de</strong></span> <span class='ocrx_word' id='word_1_118' title='bbox 624 1677 661 1724; x_wconf 78' lang='lat' dir='ltr'><strong>re</strong></span> <span class='ocrx_word' id='word_1_119' title='bbox 682 1660 802 1726; x_wconf 85' lang='lat' dir='ltr'><strong>confer</strong></span> <span class='ocrx_word' id='word_1_120' title='bbox 820 1660 924 1726; x_wconf 89' lang='lat' dir='ltr'><strong>Dion.</strong></span> <span class='ocrx_word' id='word_1_121' title='bbox 937 1665 1025 1726; x_wconf 86' lang='lat' dir='ltr'><strong>Cass.</strong></span> <span class='ocrx_word' id='word_1_122' title='bbox 1045 1667 1095 1744; x_wconf 80' lang='lat'><strong>³⁷·</strong></span> <span class='ocrx_word' id='word_1_123' title='bbox 1109 1647 1158 1742; x_wconf 71' lang='lat' dir='ltr'><strong>ap.</strong></span> <span class='ocrx_word' id='word_1_124' title='bbox 1177 1662 1266 1726; x_wconf 90' lang='lat' dir='ltr'><strong>Plut.</strong></span> <span class='ocrx_word' id='word_1_125' title='bbox 1287 1661 1366 1728; x_wconf 85' lang='lat' dir='ltr'><strong>Vita</strong></span> <span class='ocrx_word' id='word_1_126' title='bbox 1387 1659 1455 1724; x_wconf 79' lang='lat' dir='ltr'><strong>(lic.</strong></span> <span class='ocrx_word' id='word_1_127' title='bbox 1469 1675 1618 1740; x_wconf 70' lang='lat' dir='ltr'><strong>14.un</strong></span> <span class='ocrx_word' id='word_1_128' title='bbox 1634 1653 1789 1722; x_wconf 85' lang='lat' dir='ltr'><strong>consuli.</strong></span> 
     </span>
    </p>
   </div>
   <div class='ocr_carea' id='block_1_3' title="bbox 280 1759 1796 1858">
    <p class='ocr_par' dir='ltr' id='par_1_3' title="bbox 280 1759 1796 1858">
     <span class='ocr_line' id='line_1_13' title="bbox 280 1759 1796 1858; baseline -0.003 -30"><span class='ocrx_word' id='word_1_129' title='bbox 280 1817 286 1828; x_wconf 89' lang='lat'><strong>.</strong></span> <span class='ocrx_word' id='word_1_130' title='bbox 397 1765 526 1827; x_wconf 79' lang='lat' dir='ltr'><strong>Arond.</strong></span> <span class='ocrx_word' id='word_1_131' title='bbox 547 1759 722 1830; x_wconf 79' lang='lat' dir='ltr'><strong>Ciceroni</strong></span> <span class='ocrx_word' id='word_1_132' title='bbox 741 1763 888 1832; x_wconf 85' lang='lat' dir='ltr'><strong>consuli</strong></span> <span class='ocrx_word' id='word_1_133' title='bbox 894 1763 972 1858; x_wconf 89' lang='lat' dir='ltr'><strong>fec.</strong></span> <span class='ocrx_word' id='word_1_134' title='bbox 1000 1769 1100 1832; x_wconf 79' lang='lat' dir='ltr'><strong>Mart</strong></span> <span class='ocrx_word' id='word_1_135' title='bbox 1122 1767 1163 1834; x_wconf 91' lang='lat' dir='ltr'><strong>C.</strong></span> <span class='ocrx_word' id='word_1_136' title='bbox 1184 1765 1222 1832; x_wconf 90' lang='lat' dir='ltr'><strong>in</strong></span> <span class='ocrx_word' id='word_1_137' title='bbox 1237 1785 1366 1850; x_wconf 86' lang='lat' dir='ltr'><strong>compo</strong></span> <span class='ocrx_word' id='word_1_138' title='bbox 1391 1759 1470 1854; x_wconf 89' lang='lat' dir='ltr'><strong>fec.</strong></span> <span class='ocrx_word' id='word_1_139' title='bbox 1492 1765 1578 1848; x_wconf 83' lang='lat' dir='ltr'><strong>Reg.</strong></span> <span class='ocrx_word' id='word_1_140' title='bbox 1599 1761 1699 1833; x_wconf 81' lang='lat' dir='ltr'><strong>Coss.</strong></span> <span class='ocrx_word' id='word_1_141' title='bbox 1716 1761 1796 1824; x_wconf 87' lang='lat' dir='ltr'><strong>Ball</strong></span> 
     </span>
    </p>
   </div>
   <div class='ocr_carea' id='block_1_4' title="bbox 312 1868 1806 3964">
    <p class='ocr_par' dir='ltr' id='par_1_4' title="bbox 312 1868 1806 3964">
     <span class='ocr_line' id='line_1_14' title="bbox 399 1868 1794 1957; baseline -0.001 -27"><span class='ocrx_word' id='word_1_142' title='bbox 399 1871 513 1954; x_wconf 81' lang='lat' dir='ltr'><strong>Magd.</strong></span> <span class='ocrx_word' id='word_1_143' title='bbox 534 1870 699 1934; x_wconf 87' lang='lat' dir='ltr'><strong>omittunt</strong></span> <span class='ocrx_word' id='word_1_144' title='bbox 716 1875 821 1935; x_wconf 80' lang='lat' dir='ltr'><strong>rerba</strong></span> <span class='ocrx_word' id='word_1_145' title='bbox 841 1870 880 1934; x_wconf 84' lang='lat' dir='ltr'><strong>in</strong></span> <span class='ocrx_word' id='word_1_146' title='bbox 910 1893 1038 1957; x_wconf 86' lang='lat' dir='ltr'><strong>campo</strong></span> <span class='ocrx_word' id='word_1_147' title='bbox 1080 1873 1182 1938; x_wconf 86' lang='lat' dir='ltr'><strong>multi</strong></span> <span class='ocrx_word' id='word_1_148' title='bbox 1202 1891 1243 1938; x_wconf 76' lang='lat' dir='ltr'><strong>ex</strong></span> <span class='ocrx_word' id='word_1_149' title='bbox 1271 1872 1372 1936; x_wconf 87' lang='lat' dir='ltr'><strong>libris</strong></span> <span class='ocrx_word' id='word_1_150' title='bbox 1392 1869 1531 1934; x_wconf 87' lang='lat' dir='ltr'><strong>Italicis.</strong></span> <span class='ocrx_word' id='word_1_151' title='bbox 1551 1869 1642 1933; x_wconf 86' lang='lat' dir='ltr'><strong>Flor.</strong></span> <span class='ocrx_word' id='word_1_152' title='bbox 1654 1881 1683 1944; x_wconf 89' lang='grc'><strong>4.</strong></span> <span class='ocrx_word' id='word_1_153' title='bbox 1702 1868 1794 1932; x_wconf 83' lang='lat' dir='ltr'><strong>Ven.</strong></span> 
     </span>
     <span class='ocr_line' id='line_1_15' title="bbox 398 1963 1789 2052; baseline -0.001 -14"><span class='ocrx_word' id='word_1_154' title='bbox 398 1973 496 2038; x_wconf 86' lang='lat' dir='ltr'><strong>Barb.</strong></span> <span class='ocrx_word' id='word_1_155' title='bbox 519 1995 547 2036; x_wconf 88' lang='lat'><strong>1.</strong></span> <span class='ocrx_word' id='word_1_156' title='bbox 568 1991 597 2036; x_wconf 83' lang='lat' dir='ltr'><strong>a.</strong></span> <span class='ocrx_word' id='word_1_157' title='bbox 618 1981 648 2040; x_wconf 78' lang='lat'><strong>3.</strong></span> <span class='ocrx_word' id='word_1_158' title='bbox 668 1991 699 2052; x_wconf 90' lang='grc'><strong>4.</strong></span> <span class='ocrx_word' id='word_1_159' title='bbox 721 1979 750 2044; x_wconf 93' lang='grc'><strong>5.</strong></span> <span class='ocrx_word' id='word_1_160' title='bbox 786 1995 905 2042; x_wconf 85' lang='lat' dir='ltr'><strong>omnes</strong></span> <span class='ocrx_word' id='word_1_161' title='bbox 924 1979 1015 2043; x_wconf 84' lang='lat' dir='ltr'><strong>Med.</strong></span> <span class='ocrx_word' id='word_1_162' title='bbox 1036 1963 1182 2043; x_wconf 79' lang='lat' dir='ltr'><strong>consuli</strong></span> <span class='ocrx_word' id='word_1_163' title='bbox 1199 1999 1244 2042; x_wconf 89' lang='lat' dir='ltr'><strong>an</strong></span> <span class='ocrx_word' id='word_1_164' title='bbox 1262 1974 1474 2044; x_wconf 84' lang='lat' dir='ltr'><strong>consulibus</strong></span> <span class='ocrx_word' id='word_1_165' title='bbox 1492 1971 1716 2038; x_wconf 87' lang='lat' dir='ltr'><strong>scribendum</strong></span> <span class='ocrx_word' id='word_1_166' title='bbox 1744 1971 1789 2052; x_wconf 81' lang='lat' dir='ltr'><strong>sil</strong></span> 
     </span>
     <span class='ocr_line' id='line_1_16' title="bbox 398 2078 1802 2148; baseline -0.002 -3"><span class='ocrx_word' id='word_1_167' title='bbox 398 2083 492 2145; x_wconf 85' lang='lat' dir='ltr'><strong>haud</strong></span> <span class='ocrx_word' id='word_1_168' title='bbox 511 2080 614 2145; x_wconf 74' lang='lat' dir='ltr'><strong>facile</strong></span> <span class='ocrx_word' id='word_1_169' title='bbox 634 2081 817 2146; x_wconf 82' lang='lat' dir='ltr'><strong>discernas</strong></span> <span class='ocrx_word' id='word_1_170' title='bbox 839 2101 919 2146; x_wconf 89' lang='lat' dir='ltr'><strong>nam</strong></span> <span class='ocrx_word' id='word_1_171' title='bbox 941 2081 1102 2148; x_wconf 87' lang='lat' dir='ltr'><strong>meliores</strong></span> <span class='ocrx_word' id='word_1_172' title='bbox 1121 2083 1206 2147; x_wconf 88' lang='lat' dir='ltr'><strong>libri</strong></span> <span class='ocrx_word' id='word_1_173' title='bbox 1226 2105 1298 2148; x_wconf 92' lang='lat' dir='ltr'><strong>non</strong></span> <span class='ocrx_word' id='word_1_174' title='bbox 1317 2079 1536 2147; x_wconf 81' lang='lat' dir='ltr'><strong>consentiunt</strong></span> <span class='ocrx_word' id='word_1_175' title='bbox 1556 2078 1714 2143; x_wconf 73' lang='lat' dir='ltr'><strong>etfacilis</strong></span> <span class='ocrx_word' id='word_1_176' title='bbox 1729 2087 1802 2144; x_wconf 87' lang='lat' dir='ltr'><strong>erat</strong></span> 
     </span>
     <span class='ocr_line' id='line_1_17' title="bbox 400 2173 1803 2276; baseline -0.001 -26"><span class='ocrx_word' id='word_1_177' title='bbox 400 2205 497 2251; x_wconf 86' lang='lat' dir='ltr'><strong>error</strong></span> <span class='ocrx_word' id='word_1_178' title='bbox 514 2177 738 2252; x_wconf 80' lang='lat' dir='ltr'><strong>librariorum</strong></span> <span class='ocrx_word' id='word_1_179' title='bbox 759 2189 799 2254; x_wconf 93' lang='lat' dir='ltr'><strong>in</strong></span> <span class='ocrx_word' id='word_1_180' title='bbox 818 2209 903 2256; x_wconf 82' lang='lat' dir='ltr'><strong>voce</strong></span> <span class='ocrx_word' id='word_1_181' title='bbox 927 2211 991 2274; x_wconf 86' lang='lat' dir='ltr'><strong>per</strong></span> <span class='ocrx_word' id='word_1_182' title='bbox 1011 2199 1109 2256; x_wconf 85' lang='lat' dir='ltr'><strong>notas</strong></span> <span class='ocrx_word' id='word_1_183' title='bbox 1129 2199 1164 2256; x_wconf 88' lang='lat' dir='ltr'><strong>et</strong></span> <span class='ocrx_word' id='word_1_184' title='bbox 1190 2189 1395 2276; x_wconf 88' lang='lat' dir='ltr'><strong>compendia</strong></span> <span class='ocrx_word' id='word_1_185' title='bbox 1415 2185 1549 2272; x_wconf 87' lang='lat' dir='ltr'><strong>scripta.</strong></span> <span class='ocrx_word' id='word_1_186' title='bbox 1591 2173 1803 2249; x_wconf 78' lang='lat' dir='ltr'><strong>consulibus</strong></span> 
     </span>
     <span class='ocr_line' id='line_1_18' title="bbox 312 2285 1802 2383; baseline -0.003 -26"><span class='ocrx_word' id='word_1_187' title='bbox 312 2357 316 2366; x_wconf 84' lang='grc'><em>,</em></span> <span class='ocrx_word' id='word_1_188' title='bbox 400 2311 442 2356; x_wconf 79' lang='lat' dir='ltr'><strong>ea</strong></span> <span class='ocrx_word' id='word_1_189' title='bbox 463 2293 665 2357; x_wconf 89' lang='lat' dir='ltr'><strong>melioribus</strong></span> <span class='ocrx_word' id='word_1_190' title='bbox 683 2285 844 2380; x_wconf 85' lang='lat' dir='ltr'><strong>plurimi,</strong></span> <span class='ocrx_word' id='word_1_191' title='bbox 871 2305 907 2362; x_wconf 85' lang='lat' dir='ltr'><strong>ct</strong></span> <span class='ocrx_word' id='word_1_192' title='bbox 926 2296 1028 2362; x_wconf 84' lang='lat' dir='ltr'><strong>facile</strong></span> <span class='ocrx_word' id='word_1_193' title='bbox 1045 2296 1244 2383; x_wconf 85' lang='lat' dir='ltr'><strong>putareris,</strong></span> <span class='ocrx_word' id='word_1_194' title='bbox 1263 2293 1451 2359; x_wconf 78' lang='lat' dir='ltr'><strong>Antonium</strong></span> <span class='ocrx_word' id='word_1_195' title='bbox 1471 2309 1630 2374; x_wconf 87' lang='lat' dir='ltr'><strong>quoque,</strong></span> <span class='ocrx_word' id='word_1_196' title='bbox 1664 2309 1744 2353; x_wconf 90' lang='lat' dir='ltr'><strong>cum</strong></span> <span class='ocrx_word' id='word_1_197' title='bbox 1763 2290 1802 2354; x_wconf 86' lang='lat' dir='ltr'><strong>in</strong></span> 
     </span>
     <span class='ocr_line' id='line_1_19' title="bbox 400 2392 1804 2488; baseline -0.001 -26"><span class='ocrx_word' id='word_1_198' title='bbox 400 2396 619 2482; x_wconf 84' lang='lat' dir='ltr'><strong>optimatium</strong></span> <span class='ocrx_word' id='word_1_199' title='bbox 638 2409 754 2486; x_wconf 88' lang='lat' dir='ltr'><strong>partes</strong></span> <span class='ocrx_word' id='word_1_200' title='bbox 773 2403 975 2488; x_wconf 68' lang='lat' dir='ltr'><strong>transiisset,</strong></span> <span class='ocrx_word' id='word_1_201' title='bbox 998 2402 1154 2468; x_wconf 72' lang='lat' dir='ltr'><strong>Catilina</strong></span> <span class='ocrx_word' id='word_1_202' title='bbox 1173 2401 1336 2467; x_wconf 82' lang='lat' dir='ltr'><strong>infestum</strong></span> <span class='ocrx_word' id='word_1_203' title='bbox 1358 2399 1471 2464; x_wconf 84' lang='lat' dir='ltr'><strong>luisse.</strong></span> <span class='ocrx_word' id='word_1_204' title='bbox 1495 2392 1652 2464; x_wconf 75' lang='lat' dir='ltr'><strong>Contuli</strong></span> <span class='ocrx_word' id='word_1_205' title='bbox 1661 2405 1804 2481; x_wconf 81' lang='lat' dir='ltr'><strong>propter</strong></span> 
     </span>
     <span class='ocr_line' id='line_1_20' title="bbox 401 2501 1803 2596; baseline 0.001 -29"><span class='ocrx_word' id='word_1_206' title='bbox 401 2505 580 2584; x_wconf 78' lang='lat' dir='ltr'><strong>sequentia</strong></span> <span class='ocrx_word' id='word_1_207' title='bbox 600 2525 671 2588; x_wconf 88' lang='lat' dir='ltr'><strong>cap.</strong></span> <span class='ocrx_word' id='word_1_208' title='bbox 684 2522 737 2596; x_wconf 62' lang='lat'><strong>27·</strong></span> <span class='ocrx_word' id='word_1_209' title='bbox 761 2504 905 2571; x_wconf 83' lang='lat' dir='ltr'><strong>consuli</strong></span> <span class='ocrx_word' id='word_1_210' title='bbox 923 2503 1077 2594; x_wconf 82' lang='lat' dir='ltr'><strong>insidias</strong></span> <span class='ocrx_word' id='word_1_211' title='bbox 1097 2507 1243 2573; x_wconf 84' lang='lat' dir='ltr'><strong>tendere</strong></span> <span class='ocrx_word' id='word_1_212' title='bbox 1268 2507 1406 2570; x_wconf 76' lang='lat' dir='ltr'><strong>ridetur</strong></span> <span class='ocrx_word' id='word_1_213' title='bbox 1439 2523 1510 2569; x_wconf 87' lang='lat' dir='ltr'><strong>esse</strong></span> <span class='ocrx_word' id='word_1_214' title='bbox 1529 2501 1803 2588; x_wconf 77' lang='lat' dir='ltr'><strong>praeferendum,</strong></span> 
     </span>
     <span class='ocr_line' id='line_1_21' title="bbox 401 2605 1804 2696; baseline 0.004 -29"><span class='ocrx_word' id='word_1_215' title='bbox 401 2605 591 2688; x_wconf 72' lang='lat' dir='ltr'><strong>prasertim</strong></span> <span class='ocrx_word' id='word_1_216' title='bbox 611 2628 689 2668; x_wconf 88' lang='lat' dir='ltr'><strong>cum</strong></span> <span class='ocrx_word' id='word_1_217' title='bbox 710 2609 875 2673; x_wconf 85' lang='lat' dir='ltr'><strong>Cicerone</strong></span> <span class='ocrx_word' id='word_1_218' title='bbox 895 2612 1066 2674; x_wconf 85' lang='lat' dir='ltr'><strong>trucidato</strong></span> <span class='ocrx_word' id='word_1_219' title='bbox 1098 2613 1217 2675; x_wconf 89' lang='lat' dir='ltr'><strong>omnia</strong></span> <span class='ocrx_word' id='word_1_220' title='bbox 1239 2613 1396 2677; x_wconf 75' lang='lat' dir='ltr'><strong>Catilinae</strong></span> <span class='ocrx_word' id='word_1_221' title='bbox 1422 2607 1718 2696; x_wconf 74' lang='lat' dir='ltr'><strong>opportuna‘fore</strong></span> <span class='ocrx_word' id='word_1_222' title='bbox 1748 2607 1804 2672; x_wconf 82' lang='lat' dir='ltr'><strong>vi·</strong></span> 
     </span>
     <span class='ocr_line' id='line_1_22' title="bbox 403 2707 1806 2798; baseline 0.002 -26"><span class='ocrx_word' id='word_1_223' title='bbox 403 2711 575 2773; x_wconf 83' lang='lat' dir='ltr'><strong>darentur.</strong></span> <span class='ocrx_word' id='word_1_224' title='bbox 596 2707 807 2774; x_wconf 82' lang='lat' dir='ltr'><strong>consulibus</strong></span> <span class='ocrx_word' id='word_1_225' title='bbox 846 2713 937 2777; x_wconf 80' lang='lat' dir='ltr'><strong>Flos.</strong></span> <span class='ocrx_word' id='word_1_226' title='bbox 962 2736 988 2776; x_wconf 91' lang='grc' dir='ltr'><strong>ι.</strong></span> <span class='ocrx_word' id='word_1_227' title='bbox 1008 2729 1039 2790; x_wconf 86' lang='grc'><strong>4.</strong></span> <span class='ocrx_word' id='word_1_228' title='bbox 1061 2735 1109 2777; x_wconf 83' lang='grc' dir='ltr'><strong>ιο.</strong></span> <span class='ocrx_word' id='word_1_229' title='bbox 1128 2719 1219 2779; x_wconf 85' lang='lat' dir='ltr'><strong>Med.</strong></span> <span class='ocrx_word' id='word_1_230' title='bbox 1235 2737 1265 2796; x_wconf 85' lang='lat'><strong>9.</strong></span> <span class='ocrx_word' id='word_1_231' title='bbox 1298 2717 1418 2780; x_wconf 85' lang='lat' dir='ltr'><strong>Eichh.</strong></span> <span class='ocrx_word' id='word_1_232' title='bbox 1439 2711 1585 2782; x_wconf 83' lang='lat' dir='ltr'><strong>consuli</strong></span> <span class='ocrx_word' id='word_1_233' title='bbox 1600 2719 1806 2798; x_wconf 79' lang='lat' dir='ltr'><strong>paraverat</strong></span> 
     </span>
     <span class='ocr_line' id='line_1_23' title="bbox 403 2809 1799 2908; baseline 0.002 -29"><span class='ocrx_word' id='word_1_234' title='bbox 403 2817 484 2879; x_wconf 88' lang='lat' dir='ltr'><strong>Med</strong></span> <span class='ocrx_word' id='word_1_235' title='bbox 499 2815 528 2881; x_wconf 87' lang='grc'><strong>6.</strong></span> <span class='ocrx_word' id='word_1_236' title='bbox 564 2816 669 2880; x_wconf 72' lang='lat' dir='ltr'><strong>rerba</strong></span> <span class='ocrx_word' id='word_1_237' title='bbox 690 2809 730 2880; x_wconf 85' lang='lat' dir='ltr'><strong>in</strong></span> <span class='ocrx_word' id='word_1_238' title='bbox 751 2839 880 2903; x_wconf 85' lang='lat' dir='ltr'><strong>compo</strong></span> <span class='ocrx_word' id='word_1_239' title='bbox 900 2827 1061 2905; x_wconf 88' lang='lat' dir='ltr'><strong>poterant</strong></span> <span class='ocrx_word' id='word_1_240' title='bbox 1080 2820 1222 2906; x_wconf 86' lang='lat' dir='ltr'><strong>quidem</strong></span> <span class='ocrx_word' id='word_1_241' title='bbox 1242 2821 1375 2908; x_wconf 85' lang='lat' dir='ltr'><strong>omitti,</strong></span> <span class='ocrx_word' id='word_1_242' title='bbox 1402 2842 1482 2885; x_wconf 88' lang='lat' dir='ltr'><strong>nam</strong></span> <span class='ocrx_word' id='word_1_243' title='bbox 1502 2828 1642 2906; x_wconf 84' lang='lat' dir='ltr'><strong>propter</strong></span> <span class='ocrx_word' id='word_1_244' title='bbox 1660 2826 1799 2890; x_wconf 75' lang='lat' dir='ltr'><strong>antece·</strong></span> 
     </span>
     <span class='ocr_line' id='line_1_24' title="bbox 403 2919 1795 3014; baseline 0.001 -28"><span class='ocrx_word' id='word_1_245' title='bbox 403 2921 522 2986; x_wconf 80' lang='lat' dir='ltr'><strong>dantia</strong></span> <span class='ocrx_word' id='word_1_246' title='bbox 534 2921 696 2988; x_wconf 82' lang='lat' dir='ltr'><strong>ridentur</strong></span> <span class='ocrx_word' id='word_1_247' title='bbox 714 2945 813 3009; x_wconf 88' lang='lat' dir='ltr'><strong>posse</strong></span> <span class='ocrx_word' id='word_1_248' title='bbox 835 2927 992 3013; x_wconf 84' lang='lat' dir='ltr'><strong>intelligi.</strong></span> <span class='ocrx_word' id='word_1_249' title='bbox 1009 2931 1073 2994; x_wconf 88' lang='lat' dir='ltr'><strong>sed</strong></span> <span class='ocrx_word' id='word_1_250' title='bbox 1093 2919 1213 2993; x_wconf 81' lang='lat' dir='ltr'><strong>Cicero</strong></span> <span class='ocrx_word' id='word_1_251' title='bbox 1233 2949 1274 2994; x_wconf 86' lang='lat' dir='ltr'><strong>ea</strong></span> <span class='ocrx_word' id='word_1_252' title='bbox 1294 2929 1463 3014; x_wconf 86' lang='lat' dir='ltr'><strong>apposuit.</strong></span> <span class='ocrx_word' id='word_1_253' title='bbox 1484 2928 1543 2994; x_wconf 88' lang='lat' dir='ltr'><strong>Or.</strong></span> <span class='ocrx_word' id='word_1_254' title='bbox 1564 2927 1603 2990; x_wconf 90' lang='lat' dir='ltr'><strong>in</strong></span> <span class='ocrx_word' id='word_1_255' title='bbox 1623 2927 1693 2988; x_wconf 79' lang='lat' dir='ltr'><strong>Cat.</strong></span> <span class='ocrx_word' id='word_1_256' title='bbox 1717 2948 1744 2989; x_wconf 84' lang='lat'><strong>1.</strong></span> <span class='ocrx_word' id='word_1_257' title='bbox 1765 2926 1795 2988; x_wconf 88' lang='grc'><strong>5.</strong></span> 
     </span>
     <span class='ocr_line' id='line_1_25' title="bbox 402 3023 1805 3118; baseline -0.001 -22"><span class='ocrx_word' id='word_1_258' title='bbox 402 3027 495 3096; x_wconf 88' lang='lat' dir='ltr'><strong>Cum</strong></span> <span class='ocrx_word' id='word_1_259' title='bbox 514 3023 697 3114; x_wconf 67' lang='lat' dir='ltr'><strong>proximis</strong></span> <span class='ocrx_word' id='word_1_260' title='bbox 710 3029 870 3098; x_wconf 88' lang='lat' dir='ltr'><strong>comitiis</strong></span> <span class='ocrx_word' id='word_1_261' title='bbox 889 3034 1146 3100; x_wconf 84' lang='lat' dir='ltr'><strong>consularibus</strong></span> <span class='ocrx_word' id='word_1_262' title='bbox 1165 3055 1221 3098; x_wconf 90' lang='lat' dir='ltr'><strong>rne</strong></span> <span class='ocrx_word' id='word_1_263' title='bbox 1240 3036 1425 3100; x_wconf 87' lang='lat' dir='ltr'><strong>consulem</strong></span> <span class='ocrx_word' id='word_1_264' title='bbox 1439 3031 1477 3097; x_wconf 89' lang='lat' dir='ltr'><strong>in</strong></span> <span class='ocrx_word' id='word_1_265' title='bbox 1485 3052 1613 3118; x_wconf 85' lang='lat' dir='ltr'><strong>campo</strong></span> <span class='ocrx_word' id='word_1_266' title='bbox 1620 3039 1656 3096; x_wconf 93' lang='lat' dir='ltr'><strong>et</strong></span> <span class='ocrx_word' id='word_1_267' title='bbox 1665 3050 1805 3115; x_wconf 83' lang='lat' dir='ltr'><strong>compe·</strong></span> 
     </span>
     <span class='ocr_line' id='line_1_26' title="bbox 404 3133 1804 3227; baseline 0.001 -31"><span class='ocrx_word' id='word_1_268' title='bbox 404 3134 535 3198; x_wconf 80' lang='lat' dir='ltr'><strong>litores</strong></span> <span class='ocrx_word' id='word_1_269' title='bbox 556 3146 640 3201; x_wconf 86' lang='lat' dir='ltr'><strong>tuos</strong></span> <span class='ocrx_word' id='word_1_270' title='bbox 679 3134 884 3226; x_wconf 75' lang='lat' dir='ltr'><strong>interficere</strong></span> <span class='ocrx_word' id='word_1_271' title='bbox 913 3137 1063 3207; x_wconf 78' lang='lat' dir='ltr'><strong>voluisti</strong></span> <span class='ocrx_word' id='word_1_272' title='bbox 1072 3189 1082 3223; x_wconf 92' lang='lat'><strong><em>,</em></strong></span> <span class='ocrx_word' id='word_1_273' title='bbox 1111 3138 1309 3227; x_wconf 77' lang='lat' dir='ltr'><strong>compressi</strong></span> <span class='ocrx_word' id='word_1_274' title='bbox 1335 3147 1420 3205; x_wconf 86' lang='lat' dir='ltr'><strong>tuos</strong></span> <span class='ocrx_word' id='word_1_275' title='bbox 1449 3133 1615 3224; x_wconf 81' lang='lat' dir='ltr'><strong>nefarios</strong></span> <span class='ocrx_word' id='word_1_276' title='bbox 1644 3142 1804 3202; x_wconf 80' lang='lat' dir='ltr'><strong>conatus</strong></span> 
     </span>
     <span class='ocr_line' id='line_1_27' title="bbox 403 3235 1806 3328; baseline 0 -26"><span class='ocrx_word' id='word_1_277' title='bbox 403 3235 606 3303; x_wconf 86' lang='lat' dir='ltr'><strong>amicorum</strong></span> <span class='ocrx_word' id='word_1_278' title='bbox 628 3241 817 3324; x_wconf 84' lang='lat' dir='ltr'><strong>praesidio</strong></span> <span class='ocrx_word' id='word_1_279' title='bbox 851 3253 887 3308; x_wconf 92' lang='lat' dir='ltr'><strong>et</strong></span> <span class='ocrx_word' id='word_1_280' title='bbox 919 3243 1045 3327; x_wconf 86' lang='lat' dir='ltr'><strong>copiis,</strong></span> <span class='ocrx_word' id='word_1_281' title='bbox 1065 3248 1169 3309; x_wconf 85' lang='lat' dir='ltr'><strong>nullo</strong></span> <span class='ocrx_word' id='word_1_282' title='bbox 1190 3249 1353 3310; x_wconf 85' lang='lat' dir='ltr'><strong>tumultu</strong></span> <span class='ocrx_word' id='word_1_283' title='bbox 1365 3242 1512 3328; x_wconf 83' lang='lat' dir='ltr'><strong>publice</strong></span> <span class='ocrx_word' id='word_1_284' title='bbox 1531 3237 1726 3308; x_wconf 81' lang='lat' dir='ltr'><strong>concitato.</strong></span> <span class='ocrx_word' id='word_1_285' title='bbox 1756 3238 1806 3302; x_wconf 80' lang='lat' dir='ltr'><strong>ia.</strong></span> 
     </span>
     <span class='ocr_line' id='line_1_28' title="bbox 403 3341 1806 3432; baseline 0.001 -26"><span class='ocrx_word' id='word_1_286' title='bbox 403 3364 467 3428; x_wconf 88' lang='lat' dir='ltr'><strong>pro</strong></span> <span class='ocrx_word' id='word_1_287' title='bbox 488 3346 651 3408; x_wconf 81' lang='lat' dir='ltr'><strong>Muraena.</strong></span> <span class='ocrx_word' id='word_1_288' title='bbox 685 3367 756 3432; x_wconf 90' lang='lat' dir='ltr'><strong>cap.</strong></span> <span class='ocrx_word' id='word_1_289' title='bbox 779 3349 826 3408; x_wconf 80' lang='lat'><strong>26.</strong></span> <span class='ocrx_word' id='word_1_290' title='bbox 844 3357 900 3421; x_wconf 66' lang='lat' dir='ltr'><strong>«et</strong></span> <span class='ocrx_word' id='word_1_291' title='bbox 929 3351 1022 3432; x_wconf 87' lang='lat' dir='ltr'><strong>quod</strong></span> <span class='ocrx_word' id='word_1_292' title='bbox 1043 3349 1203 3412; x_wconf 88' lang='lat' dir='ltr'><strong>homines</strong></span> <span class='ocrx_word' id='word_1_293' title='bbox 1218 3351 1290 3428; x_wconf 88' lang='lat' dir='ltr'><strong>jam</strong></span> <span class='ocrx_word' id='word_1_294' title='bbox 1312 3359 1385 3412; x_wconf 87' lang='lat' dir='ltr'><strong>tum</strong></span> <span class='ocrx_word' id='word_1_295' title='bbox 1407 3350 1602 3428; x_wconf 84' lang='lat' dir='ltr'><strong>conjuratos</strong></span> <span class='ocrx_word' id='word_1_296' title='bbox 1622 3365 1699 3410; x_wconf 87' lang='lat' dir='ltr'><strong>cum</strong></span> <span class='ocrx_word' id='word_1_297' title='bbox 1730 3341 1806 3432; x_wconf 84' lang='lat' dir='ltr'><strong>gla-</strong></span> 
     </span>
     <span class='ocr_line' id='line_1_29' title="bbox 405 3446 1806 3540; baseline 0.003 -31"><span class='ocrx_word' id='word_1_298' title='bbox 405 3449 473 3510; x_wconf 88' lang='lat' dir='ltr'><strong>diis</strong></span> <span class='ocrx_word' id='word_1_299' title='bbox 500 3446 539 3510; x_wconf 87' lang='lat' dir='ltr'><strong>in</strong></span> <span class='ocrx_word' id='word_1_300' title='bbox 560 3471 728 3532; x_wconf 84' lang='lat' dir='ltr'><strong>campum</strong></span> <span class='ocrx_word' id='word_1_301' title='bbox 748 3452 870 3514; x_wconf 85' lang='lat' dir='ltr'><strong>deduci</strong></span> <span class='ocrx_word' id='word_1_302' title='bbox 890 3473 910 3514; x_wconf 88' lang='lat' dir='ltr'><strong>a</strong></span> <span class='ocrx_word' id='word_1_303' title='bbox 930 3453 1079 3517; x_wconf 86' lang='lat' dir='ltr'><strong>Catilina</strong></span> <span class='ocrx_word' id='word_1_304' title='bbox 1106 3455 1276 3540; x_wconf 80' lang='lat' dir='ltr'><strong>sciebam,</strong></span> <span class='ocrx_word' id='word_1_305' title='bbox 1311 3455 1471 3521; x_wconf 90' lang='lat' dir='ltr'><strong>descendi</strong></span> <span class='ocrx_word' id='word_1_306' title='bbox 1492 3453 1531 3518; x_wconf 80' lang='lat' dir='ltr'><strong>in</strong></span> <span class='ocrx_word' id='word_1_307' title='bbox 1553 3472 1721 3537; x_wconf 71' lang='lat' dir='ltr'><strong>comptem</strong></span> <span class='ocrx_word' id='word_1_308' title='bbox 1743 3459 1806 3514; x_wconf 81' lang='lat' dir='ltr'><strong>etc.</strong></span> 
     </span>
     <span class='ocr_line' id='line_1_30' title="bbox 323 3545 1805 3654; baseline -0.001 -33"><span class='ocrx_word' id='word_1_309' title='bbox 323 3545 331 3564; x_wconf 71' lang='grc'>’</span> <span class='ocrx_word' id='word_1_310' title='bbox 404 3553 493 3615; x_wconf 64' lang='lat' dir='ltr'><strong>Plus·</strong></span> <span class='ocrx_word' id='word_1_311' title='bbox 506 3553 575 3624; x_wconf 74' lang='lat' dir='ltr'><strong>Vil.</strong></span> <span class='ocrx_word' id='word_1_312' title='bbox 589 3554 656 3615; x_wconf 80' lang='lat' dir='ltr'><strong>Cic·</strong></span> <span class='ocrx_word' id='word_1_313' title='bbox 674 3568 721 3629; x_wconf 80' lang='lat'><strong>14·</strong></span> <span class='ocrx_word' id='word_1_314' title='bbox 736 3553 997 3654; x_wconf 63' lang='lat' dir='ltr'><strong>iedopaasrpas&#39;rrr</strong></span> <span class='ocrx_word' id='word_1_315' title='bbox 1009 3597 1051 3614; x_wconf 91' lang='lat'><strong>-·-</strong></span> <span class='ocrx_word' id='word_1_316' title='bbox 1064 3559 1172 3629; x_wconf 57' lang='lat' dir='ltr'><strong>nollo&gt;</strong></span> <span class='ocrx_word' id='word_1_317' title='bbox 1193 3560 1361 3649; x_wconf 66' lang='lat' dir='ltr'><strong>saliyayor</strong></span> <span class='ocrx_word' id='word_1_318' title='bbox 1381 3567 1418 3637; x_wconf 79' lang='lat' dir='ltr'><strong>sic</strong></span> <span class='ocrx_word' id='word_1_319' title='bbox 1434 3556 1468 3634; x_wconf 71' lang='lat' dir='ltr'><strong>‘ii</strong></span> <span class='ocrx_word' id='word_1_320' title='bbox 1486 3559 1593 3630; x_wconf 77' lang='lat' dir='ltr'><strong>nrlt&#39;or·</strong></span> <span class='ocrx_word' id='word_1_321' title='bbox 1614 3555 1653 3624; x_wconf 79' lang='lat' dir='ltr'><strong>in</strong></span> <span class='ocrx_word' id='word_1_322' title='bbox 1676 3575 1805 3640; x_wconf 82' lang='lat' dir='ltr'><strong>campo</strong></span> 
     </span>
     <span class='ocr_line' id='line_1_31' title="bbox 404 3657 1802 3750; baseline -0.001 -26"><span class='ocrx_word' id='word_1_323' title='bbox 404 3660 512 3747; x_wconf 86' lang='lat' dir='ltr'><strong>igitur</strong></span> <span class='ocrx_word' id='word_1_324' title='bbox 538 3679 558 3724; x_wconf 85' lang='lat' dir='ltr'><strong>a</strong></span> <span class='ocrx_word' id='word_1_325' title='bbox 591 3657 741 3724; x_wconf 76' lang='lat' dir='ltr'><strong>salustio</strong></span> <span class='ocrx_word' id='word_1_326' title='bbox 772 3662 928 3727; x_wconf 84' lang='lat' dir='ltr'><strong>additum</strong></span> <span class='ocrx_word' id='word_1_327' title='bbox 955 3677 1059 3749; x_wconf 80' lang='lat' dir='ltr'><strong>puta,</strong></span> <span class='ocrx_word' id='word_1_328' title='bbox 1090 3677 1129 3728; x_wconf 89' lang='lat' dir='ltr'><strong>ut</strong></span> <span class='ocrx_word' id='word_1_329' title='bbox 1159 3669 1347 3732; x_wconf 85' lang='lat' dir='ltr'><strong>accuratius</strong></span> <span class='ocrx_word' id='word_1_330' title='bbox 1375 3689 1446 3732; x_wconf 88' lang='lat' dir='ltr'><strong>rem</strong></span> <span class='ocrx_word' id='word_1_331' title='bbox 1464 3672 1683 3750; x_wconf 75' lang='lat' dir='ltr'><strong>&#39;exponeret3</strong></span> <span class='ocrx_word' id='word_1_332' title='bbox 1729 3661 1802 3726; x_wconf 79' lang='lat' dir='ltr'><strong>lel-</strong></span> 
     </span>
     <span class='ocr_line' id='line_1_32' title="bbox 404 3765 1806 3859; baseline 0.003 -31"><span class='ocrx_word' id='word_1_333' title='bbox 404 3767 478 3830; x_wconf 84' lang='lat' dir='ltr'><strong>lum</strong></span> <span class='ocrx_word' id='word_1_334' title='bbox 491 3765 624 3857; x_wconf 84' lang='lat' dir='ltr'><strong>facere</strong></span> <span class='ocrx_word' id='word_1_335' title='bbox 644 3791 687 3834; x_wconf 76' lang='lat' dir='ltr'><strong>en</strong></span> <span class='ocrx_word' id='word_1_336' title='bbox 704 3771 822 3835; x_wconf 84' lang='lat' dir='ltr'><strong>Graeco</strong></span> <span class='ocrx_word' id='word_1_337' title='bbox 843 3791 1046 3857; x_wconf 80' lang='lat' dir='ltr'><strong>expressum.</strong></span> <span class='ocrx_word' id='word_1_338' title='bbox 1067 3770 1204 3859; x_wconf 60' lang='grc' dir='ltr'><strong>πόλιμογ</strong></span> <span class='ocrx_word' id='word_1_339' title='bbox 1223 3779 1379 3845; x_wconf 50' lang='lat' dir='ltr'><strong>propinem.</strong></span> <span class='ocrx_word' id='word_1_340' title='bbox 1403 3775 1464 3847; x_wconf 80' lang='lat' dir='ltr'><strong>cir,</strong></span> <span class='ocrx_word' id='word_1_341' title='bbox 1487 3791 1588 3857; x_wconf 88' lang='lat' dir='ltr'><strong>supra</strong></span> <span class='ocrx_word' id='word_1_342' title='bbox 1610 3792 1637 3837; x_wconf 89' lang='lat' dir='ltr'><strong>c.</strong></span> <span class='ocrx_word' id='word_1_343' title='bbox 1665 3771 1714 3832; x_wconf 80' lang='lat'><strong>26.</strong></span> <span class='ocrx_word' id='word_1_344' title='bbox 1728 3769 1806 3852; x_wconf 85' lang='lat' dir='ltr'><strong>lug.</strong></span> 
     </span>
     <span class='ocr_line' id='line_1_33' title="bbox 405 3873 1804 3964; baseline 0.005 -32"><span class='ocrx_word' id='word_1_345' title='bbox 405 3873 455 3949; x_wconf 81' lang='lat'><strong>⁵7·</strong></span> <span class='ocrx_word' id='word_1_346' title='bbox 490 3878 671 3954; x_wconf 83' lang='lat' dir='ltr'><strong>proelium</strong></span> <span class='ocrx_word' id='word_1_347' title='bbox 700 3873 739 3940; x_wconf 89' lang='lat' dir='ltr'><strong>in</strong></span> <span class='ocrx_word' id='word_1_348' title='bbox 769 3875 935 3941; x_wconf 86' lang='lat' dir='ltr'><strong>monibus</strong></span> <span class='ocrx_word' id='word_1_349' title='bbox 960 3875 1102 3964; x_wconf 84' lang='lat' dir='ltr'><strong>facere.</strong></span> <span class='ocrx_word' id='word_1_350' title='bbox 1124 3883 1173 3942; x_wconf 87' lang='grc'><strong>55.</strong></span> <span class='ocrx_word' id='word_1_351' title='bbox 1204 3883 1252 3942; x_wconf 91' lang='grc'><strong>56.</strong></span> <span class='ocrx_word' id='word_1_352' title='bbox 1274 3881 1377 3942; x_wconf 86' lang='lat' dir='ltr'><strong>ctiam</strong></span> <span class='ocrx_word' id='word_1_353' title='bbox 1398 3883 1490 3962; x_wconf 87' lang='lat' dir='ltr'><strong>apud</strong></span> <span class='ocrx_word' id='word_1_354' title='bbox 1512 3879 1599 3942; x_wconf 88' lang='lat' dir='ltr'><strong>alios</strong></span> <span class='ocrx_word' id='word_1_355' title='bbox 1619 3875 1804 3959; x_wconf 78' lang='lat' dir='ltr'><strong>scriptores</strong></span> 
     </span>
    </p>
   </div>
   <div class='ocr_carea' id='block_1_5' title="bbox 284 3975 1804 4072">
    <p class='ocr_par' dir='ltr' id='par_1_5' title="bbox 284 3975 1804 4072">
     <span class='ocr_line' id='line_1_34' title="bbox 284 3975 1804 4072; baseline 0.006 -36"><span class='ocrx_word' id='word_1_356' title='bbox 284 4067 286 4072; x_wconf 67' lang='lat'>,</span> <span class='ocrx_word' id='word_1_357' title='bbox 404 3975 540 4060; x_wconf 85' lang='lat' dir='ltr'><strong>passim.</strong></span> <span class='ocrx_word' id='word_1_358' title='bbox 562 3987 724 4043; x_wconf 78' lang='lat' dir='ltr'><strong>extrema</strong></span> <span class='ocrx_word' id='word_1_359' title='bbox 754 3977 889 4046; x_wconf 86' lang='lat' dir='ltr'><strong>omnia.</strong></span> <span class='ocrx_word' id='word_1_360' title='bbox 909 3984 986 4066; x_wconf 80' lang='lat' dir='ltr'><strong>lug.</strong></span> <span class='ocrx_word' id='word_1_361' title='bbox 1003 3987 1051 4049; x_wconf 78' lang='lat'><strong>23.</strong></span> <span class='ocrx_word' id='word_1_362' title='bbox 1071 3979 1257 4070; x_wconf 83' lang='lat' dir='ltr'><strong>fortunas</strong></span> <span class='ocrx_word' id='word_1_363' title='bbox 1282 3981 1321 4046; x_wconf 90' lang='lat' dir='ltr'><strong>in</strong></span> <span class='ocrx_word' id='word_1_364' title='bbox 1343 3992 1505 4048; x_wconf 75' lang='lat' dir='ltr'><strong>extremo</strong></span> <span class='ocrx_word' id='word_1_365' title='bbox 1526 3981 1627 4044; x_wconf 83' lang='lat' dir='ltr'><strong>sitos.</strong></span> <span class='ocrx_word' id='word_1_366' title='bbox 1670 3983 1804 4064; x_wconf 83' lang='lat' dir='ltr'><strong>Fragm.</strong></span> 
     </span>
    </p>
   </div>
   <div class='ocr_carea' id='block_1_6' title="bbox 404 4075 1810 4490">
    <p class='ocr_par' dir='ltr' id='par_1_6' title="bbox 404 4075 1810 4490">
     <span class='ocr_line' id='line_1_35' title="bbox 405 4075 1803 4168; baseline 0.001 -26"><span class='ocrx_word' id='word_1_367' title='bbox 405 4080 493 4145; x_wconf 84' lang='lat' dir='ltr'><strong>Hist.</strong></span> <span class='ocrx_word' id='word_1_368' title='bbox 504 4083 528 4144; x_wconf 90' lang='grc' dir='ltr'><strong>Ι.</strong></span> <span class='ocrx_word' id='word_1_369' title='bbox 553 4103 598 4163; x_wconf 86' lang='lat'><strong>¹9·</strong></span> <span class='ocrx_word' id='word_1_370' title='bbox 620 4085 697 4150; x_wconf 89' lang='lat' dir='ltr'><strong>Vol.</strong></span> <span class='ocrx_word' id='word_1_371' title='bbox 715 4105 741 4147; x_wconf 84' lang='lat'><strong>1.</strong></span> <span class='ocrx_word' id='word_1_372' title='bbox 761 4105 867 4168; x_wconf 81' lang='lat' dir='ltr'><strong>p.at7.</strong></span> <span class='ocrx_word' id='word_1_373' title='bbox 889 4095 1089 4150; x_wconf 76' lang='lat' dir='ltr'><strong>extremam</strong></span> <span class='ocrx_word' id='word_1_374' title='bbox 1112 4083 1359 4150; x_wconf 84' lang='lat' dir='ltr'><strong>necessitatem</strong></span> <span class='ocrx_word' id='word_1_375' title='bbox 1382 4097 1415 4152; x_wconf 90' lang='lat' dir='ltr'><strong>et</strong></span> <span class='ocrx_word' id='word_1_376' title='bbox 1435 4089 1496 4155; x_wconf 88' lang='lat' dir='ltr'><strong>lib.</strong></span> <span class='ocrx_word' id='word_1_377' title='bbox 1519 4091 1547 4149; x_wconf 81' lang='lat'><strong>3.</strong></span> <span class='ocrx_word' id='word_1_378' title='bbox 1574 4089 1623 4152; x_wconf 85' lang='lat'>15&#39;.</span> <span class='ocrx_word' id='word_1_379' title='bbox 1645 4093 1688 4146; x_wconf 86' lang='lat' dir='ltr'><strong>ut</strong></span> <span class='ocrx_word' id='word_1_380' title='bbox 1707 4075 1803 4148; x_wconf 85' lang='lat' dir='ltr'><strong>solet</strong></span> 
     </span>
     <span class='ocr_line' id='line_1_36' title="bbox 404 4185 1809 4273; baseline 0.001 -23"><span class='ocrx_word' id='word_1_381' title='bbox 404 4186 575 4252; x_wconf 73' lang='lat' dir='ltr'><strong>extremis</strong></span> <span class='ocrx_word' id='word_1_382' title='bbox 595 4185 633 4251; x_wconf 84' lang='lat' dir='ltr'><strong>in</strong></span> <span class='ocrx_word' id='word_1_383' title='bbox 654 4189 769 4252; x_wconf 84' lang='lat' dir='ltr'><strong>rebus.</strong></span> <span class='ocrx_word' id='word_1_384' title='bbox 792 4211 844 4254; x_wconf 88' lang='lat' dir='ltr'><strong>res</strong></span> <span class='ocrx_word' id='word_1_385' title='bbox 865 4200 1021 4256; x_wconf 74' lang='lat' dir='ltr'><strong>extremae</strong></span> <span class='ocrx_word' id='word_1_386' title='bbox 1042 4201 1120 4254; x_wconf 87' lang='lat' dir='ltr'><strong>sunt</strong></span> <span class='ocrx_word' id='word_1_387' title='bbox 1140 4194 1334 4273; x_wconf 80' lang='lat' dir='ltr'><strong>desperatae.</strong></span> <span class='ocrx_word' id='word_1_388' title='bbox 1376 4191 1413 4253; x_wconf 89' lang='lat' dir='ltr'><strong>in</strong></span> <span class='ocrx_word' id='word_1_389' title='bbox 1434 4195 1581 4256; x_wconf 87' lang='lat' dir='ltr'><strong>eandem</strong></span> <span class='ocrx_word' id='word_1_390' title='bbox 1602 4189 1809 4255; x_wconf 82' lang='lat' dir='ltr'><strong>sententiam</strong></span> 
     </span>
     <span class='ocr_line' id='line_1_37' title="bbox 405 4293 1810 4381; baseline 0.003 -27"><span class='ocrx_word' id='word_1_391' title='bbox 405 4295 514 4358; x_wconf 70' lang='lat' dir='ltr'><strong>Cacsar</strong></span> <span class='ocrx_word' id='word_1_392' title='bbox 532 4299 566 4360; x_wconf 86' lang='lat' dir='ltr'><strong>B.</strong></span> <span class='ocrx_word' id='word_1_393' title='bbox 586 4296 626 4358; x_wconf 87' lang='lat' dir='ltr'><strong>G.</strong></span> <span class='ocrx_word' id='word_1_394' title='bbox 647 4299 677 4360; x_wconf 77' lang='lat'><strong>3.</strong></span> <span class='ocrx_word' id='word_1_395' title='bbox 699 4297 727 4363; x_wconf 79' lang='lat'><strong>⁶.</strong></span> <span class='ocrx_word' id='word_1_396' title='bbox 749 4295 855 4362; x_wconf 76' lang='lat' dir='ltr'><strong>dicits</strong></span> <span class='ocrx_word' id='word_1_397' title='bbox 878 4307 1077 4362; x_wconf 81' lang='lat' dir='ltr'><strong>extremum</strong></span> <span class='ocrx_word' id='word_1_398' title='bbox 1098 4293 1281 4360; x_wconf 71' lang='lat' dir='ltr'><strong>auxilium</strong></span> <span class='ocrx_word' id='word_1_399' title='bbox 1309 4294 1482 4381; x_wconf 71' lang='lat' dir='ltr'><strong>experiri,</strong></span> <span class='ocrx_word' id='word_1_400' title='bbox 1503 4305 1537 4361; x_wconf 85' lang='lat' dir='ltr'><strong>et</strong></span> <span class='ocrx_word' id='word_1_401' title='bbox 1558 4319 1587 4380; x_wconf 88' lang='lat'><strong>7.</strong></span> <span class='ocrx_word' id='word_1_402' title='bbox 1616 4313 1667 4374; x_wconf 84' lang='lat'><strong>40.</strong></span> <span class='ocrx_word' id='word_1_403' title='bbox 1689 4301 1810 4360; x_wconf 79' lang='lat' dir='ltr'><strong>extre·</strong></span> 
     </span>
     <span class='ocr_line' id='line_1_38' title="bbox 408 4385 1809 4490; baseline 0.001 -31"><span class='ocrx_word' id='word_1_404' title='bbox 408 4419 465 4460; x_wconf 82' lang='lat' dir='ltr'><strong>ma</strong></span> <span class='ocrx_word' id='word_1_405' title='bbox 475 4395 652 4488; x_wconf 77' lang='lat' dir='ltr'><strong>fortuna.</strong></span> <span class='ocrx_word' id='word_1_406' title='bbox 673 4441 715 4458; x_wconf 89' lang='lat'><em>-</em></span> <span class='ocrx_word' id='word_1_407' title='bbox 735 4385 859 4468; x_wconf 83' lang='lat' dir='ltr'><strong>omnia</strong></span> <span class='ocrx_word' id='word_1_408' title='bbox 881 4401 1052 4487; x_wconf 75' lang='lat' dir='ltr'><strong>experiri.</strong></span> <span class='ocrx_word' id='word_1_409' title='bbox 1071 4400 1142 4466; x_wconf 81' lang='lat' dir='ltr'><strong>lere</strong></span> <span class='ocrx_word' id='word_1_410' title='bbox 1163 4402 1255 4466; x_wconf 88' lang='lat' dir='ltr'><strong>idem</strong></span> <span class='ocrx_word' id='word_1_411' title='bbox 1274 4401 1456 4490; x_wconf 84' lang='lat' dir='ltr'><strong>significat.</strong></span> <span class='ocrx_word' id='word_1_412' title='bbox 1477 4401 1536 4466; x_wconf 84' lang='lat' dir='ltr'><strong>cir.</strong></span> <span class='ocrx_word' id='word_1_413' title='bbox 1557 4402 1809 4467; x_wconf 62' lang='lat' dir='ltr'><strong>Terentalndr.</strong></span> 
     </span>
    </p>
   </div>
   <div class='ocr_carea' id='block_1_7' title="bbox 0 0 2073 4974">
    <p class='ocr_par' dir='ltr' id='par_1_7' title="bbox 0 0 2073 4974">
     <span class='ocr_line' id='line_1_39' title="bbox 0 0 2073 4974; baseline 0 0"><span class='ocrx_word' id='word_1_414' title='bbox 0 0 2073 4974; x_wconf 95' lang='lat' dir='ltr'><strong> </strong></span> 
     </span>
    </p>
   </div>
  </div>
 </body>
</html>
