4116 4970
403 375 456 448 36

405 580 492 624 casu
516 554 735 649 singularii
759 555 869 624 litera
880 553 1032 650 suerint
1062 556 1280 644 terminata,
1372 575 1492 622 aecus.
1522 555 1661 638 plural.
1682 573 1797 636 prop·

404 675 461 727 ter
484 661 726 744 dfflerentiam
751 661 878 727 melius
901 661 939 727 in
962 660 1122 746 isquam
1143 661 1180 728 iu
1200 685 1235 728 es
1250 661 1428 752 syllabam
1455 655 1663 724 terminant.
1697 657 1799 741 Opti-

404 787 458 831 me
480 771 635 832 Consent.
649 783 739 843 uoto.
761 771 854 831 Sane
873 767 1041 851 plerique
1064 789 1187 834 omnes
1209 767 1276 832 has
1295 768 1460 855 regulas,
1491 785 1584 848 quae
1600 759 1797 851 genitivum

403 867 441 934 r‘a
466 869 540 934 iam
561 867 741 955 mittunt,
773 867 900 935 dicunt
921 869 1030 935 etiam
1053 893 1129 935 arc.
1144 873 1244 955 plur.
1269 866 1307 934 t'rt
1336 867 1366 931 is
1385 865 1541 953 mittere,
1560 877 1602 931 ut
1625 868 1691 930 leae
1702 887 1799 950 pup-

397 969 473 1057 pis,
496 975 562 1040 hos
576 971 730 1056 montis,
752 975 818 1039 tos
842 972 1049 1059 optimatis,
1068 972 1188 1038 sedin
1213 976 1283 1040 leae
1298 994 1441 1057 quoque
1452 974 1633 1055 sequenda
1664 971 1798 1054 eupho-

403 1080 467 1141 nia
486 1090 548 1143 est.
579 1081 764 1162 Pleraque
792 1077 886 1143 enim
907 1099 952 1142 ex
973 1077 1139 1144 omuibus
1159 1073 1241 1142 istis
1269 1076 1411 1168 regulis
1428 1075 1689 1142 consuetudine
1721 1095 1796 1140 eer-

402 1179 521 1247 nimus
542 1179 749 1248 immutata.
790 1185 875 1246 Cum
897 1203 967 1264 quo
986 1182 1066 1245 facit
1083 1181 1239 1247 Valerius
1258 1183 1390 1248 Probus
1411 1184 1502 1264 apud
1526 1180 1678 1243 Gellium
1702 1183 1742 1244 N.
1759 1183 1797 1242 A.

340 1317 343 1324 ·
402 1310 434 1369 p.
452 1305 501 1367 29,
525 1288 584 1351 eir.
601 1287 730 1372 praeiat.
750 1289 848 1354 Tom.
864 1289 891 1349 Ι.
909 1307 986 1371 pag.
1011 1309 1058 1350 rt.
1079 1287 1140 1367 qui
1168 1296 1201 1351 et
1223 1287 1296 1371 ipse
1322 1285 1504 1370 euphonia
1525 1285 1671 1350 maxime
1693 1285 1799 1349 ratio·

401 1412 480 1454 nem
500 1411 570 1454 esse
587 1391 741 1452 habitam
764 1391 924 1454 ostendit.
954 1394 1020 1454 Sed
1037 1394 1183 1455 eundem
1201 1400 1327 1456 ceteras
1340 1389 1645 1476 grammaticorum
1666 1389 1798 1474 regulas

402 1497 520 1556 dehac
537 1493 778 1558 terminatione
796 1494 1022 1580 improbasse,
1042 1503 1138 1558 notat
1156 1495 1244 1560 Pier.
1256 1499 1300 1559 ad
1308 1495 1620 1581 Virg.Aen.·II.490.
1641 1497 1726 1556 Nam
1734 1513 1799 1556 nu-

401 1599 477 1680 hes,
487 1598 654 1678 nubium,
667 1595 772 1661 aulis
788 1598 968 1682 scriptores
983 1598 1143 1662 formasse
1157 1609 1275 1685 negat,
1289 1607 1593 1682 contraparentum
1604 1608 1637 1662 et
1647 1598 1799 1681 parentis

402 1703 587 1765 Salustium
601 1701 740 1786 dixisse,
761 1702 946 1788 Virgilium
959 1703 1062 1766 etiam
1077 1711 1190 1787 postes
1203 1713 1236 1767 ct
1246 1703 1371 1787 postis,
1392 1724 1469 1766 cum
1483 1702 1652 1789 genitivus
1669 1703 1800 1788 sitpos·

402 1807 499 1869 tium.
528 1808 594 1870 Sed
608 1805 663 1870 his
674 1805 774 1890 ipsis,
795 1827 871 1887 qua
883 1827 984 1891 supra
1000 1807 1194 1892 posuimus,
1213 1807 1468 1872 confirmantur.
1487 1806 1681 1870 Nonnullos
1694 1807 1799 1869 avul-

340 1989 347 2002 .
404 1913 484 1998 gari
505 1933 569 1976 usu
585 1912 723 1976 dicendi
741 1910 1022 1998 recessisse‚satis
1041 1912 1233 1994 probabile.
1263 1911 1451 1997 Virgilium
1470 1919 1559 1976 certe
1579 1911 1800 1992 atqueSalus·

400 2017 488 2079 tium
514 2020 558 2080 ad
578 2016 714 2078 aurium
726 2014 898 2094 judicium
916 2017 988 2081 hac
1005 2016 1177 2100 retulisse,
1197 2015 1498 2102 grammaticorum
1520 2014 1724 2078 testimoniis
1737 2014 1799 2078 iir-

401 2129 531 2183 matum
551 2131 610 2185 est.
641 2121 707 2186 Vix
723 2121 830 2208 igitur
847 2121 1036 2203 assequaris
1050 2131 1089 2184 ut
1106 2120 1235 2203 ubique
1253 2119 1438 2206 genuinam
1459 2118 1736 2184 terminationem
1748 2137 1800 2182 re-

400 2225 529 2289 stituas.
558 2229 643 2288 Nam
663 2226 816 2310 ipsorum
837 2225 1138 2312 grammaticorum
1160 2224 1356 2290 testimonia
1386 2244 1458 2289 non
1478 2224 1559 2288 satis
1579 2223 1677 2286 firma
1702 2223 1798 2289 dixe-

400 2328 464 2407 ris3
485 2333 579 2410 quod
590 2332 683 2392 haud
691 2349 766 2393 raro
775 2330 898 2415 optimi
908 2331 1070 2413 cujusque
1084 2329 1214 2395 codicis
1225 2329 1407 2393 auctoritas
1415 2331 1457 2391 ab
1471 2329 1544 2392 illis
1561 2329 1732 2397 abhorret.
1759 2331 1797 2392 Id

402 2435 554 2514 quotide
574 2431 699 2517 optimi
708 2433 850 2520 Virgilii
869 2433 994 2497 Codice
1011 2433 1166 2498 Mediceo
1179 2433 1335 2498 Norisius
1352 2432 1479 2497 docuit.
1500 2433 1567 2496 Cir.
1578 2434 1674 2499 Orth.
1690 2434 1791 2497 Nonis

400 2557 435 2616 p.
449 2540 518 2601 233.
540 2539 601 2596 Ed.
616 2536 748 2597 Harles.
770 2555 810 2598 cx
830 2538 970 2599 Salustii
990 2537 1090 2602 libris
1117 2539 1190 2622 ipse
1206 2539 1360 2623 exempla
1375 2533 1525 2606 afferam.
1545 2541 1701 2602 Ceterum
1717 2539 1797 2602 satis

402 2645 548 2720 constat,
556 2635 767 2717 antiquiores
773 2639 954 2722 scriptores
961 2659 1028 2703 acc.
1039 2643 1128 2725 plur.
1135 2641 1258 2724 saepius
1267 2641 1304 2702 in
1315 2638 1366 2705 eis
1374 2642 1581 2727 terminasse,
1588 2645 1718 2710 scilieet
1731 2655 1797 2710 uta

402 2741 616 2805 nominativo
630 2740 797 2826 singulari
807 2741 1082 2828 distingueretur.
1101 2745 1266 2808 Sedhanc
1276 2746 1551 2813 terminationem
1561 2750 1694 2815 Plinius
1702 2753 1798 2816 dam-

401 2845 697 2930 navit,aCharisio
705 2846 865 2910 laudatus
875 2869 909 2932 p.
928 2863 995 2924 104.
1016 2851 1073 2912 sed
1083 2868 1126 2912 ne
1134 2848 1163 2914 is
1172 2849 1312 2931 quidem
1320 2850 1416 2916 locus
1425 2853 1508 2916 satis
1519 2857 1800 2923 emendatuseue

400 2950 545 3019 videtur.
566 2951 632 3014 Clr.
644 2952 773 3016 Charis.
781 2974 815 3036 p.
832 2968 900 3028 104.
912 2973 974 3015 rrr.
985 2953 1048 3017 suh
1060 2973 1153 3018 voce.
1168 2955 1314 3038 Fonteii,
1330 2955 1616 3042 iureismonteis,
1630 2959 1797 3038 majoreis.

401 3056 467 3118 Cir.
483 3057 809 3140 praetereaSchneid.
823 3059 880 3120 Gr.
892 3059 928 3120 1.
943 3059 980 3122 L.
994 3080 1027 3142 p.
1039 3076 1118 3144 270,
1140 3058 1201 3139 qui
1213 3079 1256 3124 ne
1267 3069 1420 3124 veterum
1432 3063 1572 3142 quidem
1594 3063 1798 3147 scriptorum

400 3159 476 3221 loca
487 3161 565 3222 satis
573 3161 730 3243 excussit,
744 3165 871 3224 nedum
889 3163 1022 3227 acutius
1033 3165 1097 3228 hac
1115 3168 1158 3228 de
1169 3184 1205 3229 re
1216 3165 1342 3228 statuit.
1365 3166 1443 3230 Sese
1452 3167 1598 3230 student
1609 3166 1800 3253 elegantior

400 3281 481 3326 usus
498 3261 683 3344 loquendi,
708 3262 842 3341 quovis
858 3265 1196 3349 orationisaugetur,
1215 3268 1358 3330 laudant
1381 3268 1525 3353 interpp.
1539 3272 1647 3334 Plaut.
1660 3273 1753 3336 Asin.
1770 3277 1795 3336 l.

403 3389 436 3449 1,
457 3369 505 3428 52.
537 3365 661 3446 Atque
682 3385 746 3453 ego
769 3385 826 3427 me
847 3361 1029 3455 idfacere
1047 3368 1187 3431 studeo.
1213 3372 1348 3434 Terent.
1364 3375 1515 3436 Eunuch.
1536 3375 1627 3439 Prol.
1641 3374 1800 3460 init.·qui

395 3469 544 3551 placere
574 3487 613 3529 se
635 3469 782 3530 student
799 3466 912 3536 bonis.
945 3470 1012 3533 Cic.
1035 3467 1131 3533 offic.
1152 3475 1194 3534 11.
1214 3490 1264 3538 ao.
1302 3477 1457 3540 Gratum
1478 3501 1516 3542 se
1536 3477 1649 3544 arderi
1664 3483 1796 3546 undet.

400 3571 478 3634 Pari
488 3572 592 3634 modo
601 3569 731 3651 verbis,
749 3571 857 3655 velle,
874 3572 991 3658 malle,
1007 3576 1205 3662 decernere,
1219 3597 1357 3662 cupere,
1369 3600 1563 3663 pronomen
1579 3583 1796 3670 adjungitur,

400 3677 546 3740 maxime
559 3675 596 3739 in
611 3673 848 3757 contrapositis
861 3676 1083 3760 (antithetis).
1102 3700 1148 3743 ne
1161 3677 1269 3745 eitam
1284 3678 1429 3750 silentio
1444 3694 1659 3764 transeant,-
1678 3709 1797 3774 quem,

402 3789 610 3845 mutaveram
629 3782 812 3844 verborum
830 3783 988 3846 ordinem
1006 3785 1153 3848 aCortio
1168 3786 1270 3850 unius
1290 3787 1374 3850 libri
1387 3790 1536 3873 Guelph.
1554 3793 1582 3854 5.
1596 3794 1796 3859 auctoritate

402 3885 640 3968 constitutum,
660 3886 732 3964 jam
753 3885 972 3949 retinendum
1002 3907 1073 3953 esse
1103 3909 1244 3975 censeo,
1277 3891 1437 3973 plurimis
1470 3893 1563 3956 enim
1591 3896 1691 3961 libris
1715 3901 1794 3962 Mas.

400 3989 603 4069 comparatis
624 3990 769 4073 cognovi
781 4031 791 4072 ,
808 3990 910 4053 etiarn
940 3991 1019 4054 aliis
1047 3992 1132 4056 locis
1162 3995 1347 4076 particulas
1370 3997 1491 4080 saepius
1513 4018 1532 4060 a
1551 3999 1708 4066 librariis·
1724 4021 1795 4068 esse

400 4091 637 4175 transpositas,
656 4093 783 4174 quippe
796 4093 856 4172 qui
883 4094 1086 4178 elegantiam
1109 4097 1338 4160 salustianam
1364 4117 1436 4162 non
1456 4106 1794 4185 comprehenderent.

401 4196 441 4258 In
450 4197 619 4283 iugurtha
637 4214 708 4279 cap.
724 4215 773 4276 70·
794 4198 889 4258 Barh.
908 4214 936 4260 a.
955 4201 984 4264 5.
1003 4220 1067 4283 pro
1083 4199 1222 4286 vulgato
1239 4203 1421 4266 verborum
1442 4206 1588 4272 ordine:
1609 4206 1794 4294 inputem
