4106 4974
400 324 471 417 134

395 511 583 586 daenronii
595 523 659 580 cte
677 511 836 596 Xenoph.
849 511 988 598 Hellen.
1007 528 1038 576 a.
1056 517 1087 578 3.
1105 534 1153 578 ιι.
1165 531 1236 598 aeq.
1256 515 1316 582 cir.
1336 515 1462 583 iustin.
1478 517 1550 582 38.
1570 518 1675 586 Diod.
1693 522 1802 590 Sieul.

398 628 482 698 ι4.3.
505 625 676 704 C.Nepot.
689 618 1121 704 T'hrasyb.Plut.Lyaand.
1140 635 1212 705 cap.
1229 623 1277 686 15.
1297 619 1557 709 rempublicam
1581 609 1813 696 tractarent(

394 728 505 796 Berol.
517 735 545 796 3.
561 722 768 810 pronomine
777 722 922 808 omisso,
943 726 1002 790 aed
1014 743 1206 809 perperam.
1228 735 1370 793 tractare
1389 729 1414 792 i.
1428 729 1718 802 eadministrare.
1738 733 1800 798 cir.

391 837 468 922 Jug.
483 849 534 911 ιι.
559 830 684 896 Juatin.
706 851 734 892 ι.
756 845 786 892 a.
814 829 887 892 Cic.
905 829 985 894 niv.
1004 830 1101 894 Verr.
1119 849 1170 896 ιο.
1207 836 1375 898 tractore
1390 831 1585 918 pecuniam
1601 833 1801 921 publicam.

393 951 538 1008 tractare
555 938 699 1004 bellurn.
719 937 798 998 Tac.
818 935 907 1013 Anu.
925 956 956 1008 ι.
978 935 1029 1015 69.
1049 933 1124 998 Lir.
1143 937 1194 999 ι3.
1209 936 1260 1000 28.
1280 935 1556 1023 Damasippum.
1583 981 1600 1018 e
1618 951 1799 1026 pretorem

392 1050 577 1130 urbanum,
595 1041 700 1108 Marii
718 1039 877 1126 partibus
895 1039 1073 1104 addictum
1093 1047 1127 1104 et
1148 1040 1187 1104 in
1207 1042 1369 1108 Sullanos
1381 1045 1486 1110 nimis
1505 1045 1740 1112 senmurum
1761 1052 1799 1113 c.

390 1151 451 1220 cir·
471 1151 545 1220 val.
567 1152 657 1218 Max.
672 1170 702 1230 9.
720 1169 748 1212 a.
762 1150 794 1212 3.
820 1144 942 1224 Vellej.
959 1163 989 1210 a.
1007 1147 1058 1220 26,
1092 1143 1355 1231 cir.1ir.Epit.
1375 1151 1426 1223 36.
1454 1149 1601 1238 Appian.
1621 1123 1706 1218 Beli.
1726 1153 1796 1218 Cir.

333 1335 336 1340 ¹
393 1283 421 1322 ι.
441 1276 492 1339 9²·
510 1259 610 1322 malo
631 1249 767 1338 reipub.
788 1269 831 1316 eo
850 1259 1022 1335 tempore,
1041 1251 1316 1336 qnorespublioa
1334 1253 1498 1320 servitute
1520 1275 1680 1342 oppressa
1701 1265 1798 1324 tenc-

388 1365 500 1428 batur.
520 1367 608 1424 Nam
629 1358 718 1424 mihi
737 1356 881 1439 quidem
899 1364 1011 1432 sextus
1030 1376 1126 1421 casua
1145 1355 1379 1442 preferendus
1407 1361 1553 1426 videtur.
1574 1373 1797 1446 nequelrecte

389 1469 687 1534 hudautThum
704 1461 792 1534 timui
811 1459 905 1548 με’νΊι
916 1459 1122 1551 irimpi'iie
1142 1461 1258 1542 mitrae
1278 1462 1385 1552 ssuaa
1398 1473 1458 1530 ete
1470 1474 1503 1529 et
1514 1487 1542 1529 c.
1556 1487 1603 1547 17·
1614 1465 1791 1554 ἐπ’ᾰμθῇ

379 1572 534 1668 sactum
547 1569 626 1662 ejus
641 1569 738 1634 laud.
747 1567 807 1636 cst.
816 1568 932 1632 Senec.
943 1568 1058 1634 Benet
1070 1571 1099 1632 5.
1112 1571 1159 1634 16.
1173 1571 1355 1660 Ingratus
1368 1571 1412 1638 L.
1422 1572 1544 1656 Sulla,
1563 1568 1793 1654 quipotriam

389 1674 602 1756 durioribue
610 1671 786 1759 remediis,
795 1665 1213 1761 quumpericulaerant,
1225 1671 1606 1742 ronovitnlaudaiat
1618 1671 1794 1741 ?scelera-

387 1782 639 1876 toafactioror.
659 1785 750 1846 Med.
762 1783 792 1844 8.
802 1782 1000 1844 sceleratos
1011 1787 1047 1844 et
1043 1774 1081 1870 f
1091 1781 1240 1848 Media.
1261 1776 1431 1872 inficior,
1439 1774 1638 1870 factiosos.
1658 1782 1746 1846 Ven,
1761 1785 1792 1847 3.

387 1911 464 1974 quae
489 1887 650 1953 lectionis
668 1886 831 1968 varietas,
848 1885 880 1948 si
909 1883 1095 1949 minusad
1123 1894 1234 1950 totum
1258 1885 1376 1950 locum
1396 1889 1600 1950 mutandum
1618 1886 1724 1970 valet,
1754 1886 1793 1950 id

297 2069 302 2076 ,
386 2004 477 2062 certe
498 1997 621 2060 docere
640 1991 800 2074 videtur,
828 1989 1107 2069 conjunctionem
1126 1991 1292 2056 hocloco
1312 2011 1380 2056 eane
1402 1991 1640 2056 omittendam.
1667 1986 1792 2079 eregi-

386 2107 556 2168 taverant
576 2099 599 2165 i.
620 2111 650 2166 e.
669 2103 873 2164 vexaverant
891 2095 1185 2179 perturbaverant.
1225 2093 1286 2160 cir.
1315 2097 1475 2182 iugurth.
1503 2099 1555 2178 37.
1586 2103 1621 2161 et
1652 2095 1792 2164 catilin.

385 2209 435 2271 33,
459 2206 521 2268 ubi
541 2203 670 2290 agitare
689 2204 813 2267 eodem
842 2202 948 2264 modo
979 2201 1111 2264 dictum
1141 2206 1199 2265 cot.
1229 2205 1418 2284 postremo
1454 2220 1525 2264 var.
1558 2208 1626 2264 aut
1655 2199 1791 2266 omisso.

384 2313 479 2378 Eich.
513 2311 573 2374 uti
603 2306 636 2372 ir
666 2302 706 2372 in
726 2326 851 2390 prosc.
880 2307 957 2372 vat.
989 2325 1021 2368 a.
1047 2305 1143 2368 meh.
1177 2307 1264 2372 Ven.
1297 2309 1326 2368 3.
1363 2313 1398 2368 et
1428 2302 1531 2380 multi
1560 2314 1720 2389 praetera
1735 2323 1777 2369 er

383 2413 629 2485 librisltalieis.
649 2420 684 2477 ct
702 2429 834 2497 vereor,
854 2429 900 2476 ne
918 2409 1127 2494 pronomine
1146 2409 1274 2474 omisso
1295 2409 1416 2475 durior
1434 2409 1494 2473 fiet
1506 2411 1724 2477 constructio.
1746 2413 1790 2475 de

384 2545 423 2589 re
442 2524 522 2586 vide
541 2519 633 2582 inira
650 2520 728 2602 Jug.
749 2535 822 2601 cap.
838 2531 890 2592 41.
913 2523 947 2578 et
967 2514 1037 2579 Cic.
1060 2516 1154 2577 Orat.
1175 2534 1240 2598 pro
1261 2514 1388 2579 Roscio
1409 2509 1584 2582 Amerini.
1606 2511 1673 2579 illi.
1695 2519 1789 2598 quod

345 2683 350 2692 .
384 2626 531 2710 eortius,
551 2621 801 2688 nonnullorum
822 2619 993 2684 librorum
1012 2619 1148 2683 incuria
1158 2617 1196 2681 in
1208 2637 1359 2684 errorem
1371 2621 1547 2706 abductus,
1561 2619 1693 2706 omisit,
1714 2639 1788 2682 ma·
1852 2653 1855 2658 ,

382 2754 451 2824 gna
471 2752 550 2796 cum
570 2726 741 2813 elegantia
759 2724 911 2811 positum
932 2733 991 2790 est.
1012 2721 1259 2790 tradebantur
1277 2725 1351 2788 acii.
1371 2727 1416 2788 ad
1437 2725 1655 2812 supplicium.
1687 2743 1788 2790 voca-

381 2843 504 2906 bulum
524 2841 588 2902 hac
607 2837 647 2899 in
666 2853 704 2898 re
722 2832 915 2918 proprium.
934 2829 994 2894 csr.
1016 2829 1123 2894 Cicer.
1143 2832 1229 2914 Epp.
1250 2851 1281 2912 7,
1294 2833 1345 2894 3ι.
1368 2839 1402 2896 et
1423 2832 1546 2916 aaepiua
1566 2830 1662 2895 alibi.
1683 2831 1786 2896 Sulla

328 2941 333 2948 ’
383 2968 520 3013 muner.
555 2935 716 3026 explevit.
756 2937 818 3002 csr.
838 2937 928 3004 Plut.
943 2934 1041 2997 Sulla
1060 2955 1133 3018 cap.
1156 2940 1206 3000 3ι.
1229 2955 1346 2998 exerc.
1364 2933 1415 3000 rit
1436 2933 1476 3000 in
1495 2957 1620 3010 manu.
1648 2937 1733 3002 Ven.
1755 2938 1785 2998 3.

381 3055 442 3118 aed
461 3054 535 3114 hec
555 3042 824 3128 nonaufficiunt,
844 3049 884 3105 ut
902 3041 1047 3106 verbum
1068 3047 1261 3123 suspectum
1282 3039 1419 3124 habeas,
1441 3048 1491 3104 tot
1510 3040 1683 3104 librorum
1703 3059 1783 3102 auo·

380 3153 519 3220 toritate
543 3151 731 3214 firmatum.
760 3143 906 3235 falsum
936 3142 1087 3226 aliquid.
1119 3146 1223 3209 etiam
1244 3144 1408 3212 hocloco
1432 3144 1570 3208 Cortius
1589 3162 1784 3228 pronomen

381 3259 526 3338 delevit,
549 3257 672 3338 credo,
694 3252 789 3334 quod
810 3247 1017 3327 adjectivum
1038 3249 1160 3310 eodem
1181 3267 1260 3310 casu
1278 3248 1482 3331 pronomini
1501 3247 1677 3332 additum,
1707 3249 1773 3311 du·

379 3362 507 3425 riorem
528 3358 652 3422 hahuit
674 3363 882 3418 structuram.
908 3355 968 3418 sed
989 3349 1049 3418 cfr.
1062 3350 1135 3417 Cic.
1148 3352 1228 3416 Lael.
1242 3372 1272 3434 9.
1296 3358 1330 3418 et
1351 3355 1394 3418 de
1413 3354 1488 3418 Fin.
1504 3370 1531 3417 ι.
1547 3357 1596 3428 34.
1615 3352 1781 3441 gladium

380 3467 484 3532 eduae.
506 3465 530 3526 i.
551 3482 579 3525 e·
599 3461 636 3522 vi
656 3467 776 3520 contra
796 3457 886 3520 cives
906 3456 1023 3538 egerit.
1045 3455 1106 3517 cir.
1125 3455 1197 3518 liv.
1222 3473 1269 3532 ιι.
1291 3473 1341 3521 2².
1359 3453 1503 3524 stricti}
1521 3460 1632 3525 semel
1645 3452 1782 3546 gladiis

378 3571 584 3649 timentem,
613 3558 678 3647 qni
690 3554 787 3654 ſsu&
808 3555 976 3622 caedibus
1003 3565 1093 3620 erret
1102 3553 1273 3646 suturas.
1287 3560 1405 3645 finem
1425 3563 1643 3636 statuet-ch,
1664 3562 1690 3624 l.
1707 3559 1782 3646 pri·

378 3679 487 3742 maria
506 3667 770 3760 significatione.
789 3663 835 3730 ab
849 3657 1082 3746 Samnitibus,
1101 3663 1136 3726 id
1147 3666 1241 3744 quod
1257 3665 1357 3732 facile
1371 3668 1574 3752 credideris,
1595 3670 1690 3750 quod
1703 3673 1780 3752 post

376 3783 472 3847 bella
498 3786 637 3844 demum
663 3795 742 3840 cum
767 3770 978 3836 Samnitibus
1008 3777 1103 3854 gesta
1130 3770 1280 3834 Romani
1300 3773 1453 3837 nominis
1480 3781 1590 3834 terror
1611 3771 1779 3834 maximus

376 3887 455 3952 tuit.
490 3882 628 3948 Tuscis.
643 3882 702 3945 cir.
723 3881 813 3944 Flor.
848 3898 874 3944 1.
901 3878 930 3944 5.
951 3875 1024 3939 liv.
1041 3897 1069 3938 1.
1084 3876 1118 3936 8·
1139 3876 1284 3958 Dionys.
1305 3877 1418 3939 Halic.
1440 3881 1468 3938 3.
1484 3879 1535 3952 84,
1561 3869 1685 3960 ὂοιιίι,
1705 3894 1778 3938 non

376 3996 414 4058 in
434 4009 560 4080 genere
579 3996 701 4051 neutro
722 3994 780 4058 eat¹
793 3982 1077 4065 intelligendum,
1098 3982 1193 4060 quod
1215 3980 1350 4043 Cortiua
1370 3981 1506 4064 statuit,
1526 3981 1584 4044 sed
1599 3981 1685 4045 boni
1697 3988 1779 4044 sunt

346 4169 349 4176 ,
375 4093 597 4184 intelligendi
617 4089 784 4170 homines,
805 4087 866 4168 qui
887 4086 1028 4152 scientia
1054 4076 1198 4164 'alicujus
1218 4083 1270 4146 rei
1290 4085 1480 4164 excellunt3
1504 4080 1682 4148 Graeciae
1700 4104 1778 4148 mo-

336 4237 338 4244 ·
376 4227 461 4269 rem.
482 4209 609 4290 spectat
628 4199 695 4264 hoc
715 4195 809 4258 haud
830 4192 935 4282 dubie
956 4195 1001 4254 ad
1017 4193 1110 4277 leges
1130 4193 1203 4254 XII.
1221 4189 1327 4252 Tahb.
1360 4186 1420 4252 cir.
1440 4189 1523 4250 Tab.
1538 4189 1612 4256 v11.
1634 4208 1686 4272 ap.
1707 4187 1777 4250 Go·
1886 4252 1889 4259 ,

373 4310 523 4379 thofred.
545 4312 678 4392 Heyne.
692 4304 816 4388 Opusc.
832 4301 933 4364 Acad.
950 4300 1012 4363 111.
1029 4297 1145 4382 p.184.
1162 4314 1353 4359 summum.
1374 4295 1441 4357 hoc
1463 4292 1590 4356 omisit.
1598 4290 1693 4355 Eich.
1714 4291 1774 4355 aed
