4116 4970
271 574 413 660 m.'cir.
433 590 580 676 Appian.
597 595 637 656 ·B.
659 589 731 660 civ.
747 609 776 656 a.
791 595 822 676 ³,
843 597 877 658 et
896 589 965 656 Dio
986 589 1075 656 Cass.
1099 613 1149 676 ¹7·
1162 610 1211 658 ao·
1229 585 1315 672 rcit'e't
1330 591 1374 670 le
1395 587 1548 670 Mitius,
1563 593 1620 668 ltu
1635 625 1675 668 re

268 699 446 780 maturetis
463 695 671 796 imagi‘laloc
691 693 781 785 (uslei
802 693 868 794 peip
883 697 939 772 liis
955 696 1006 770 'dv
1028 694 1143 768 mutu
1164 702 1312 790 λοχαγεῖν
1332 696 1673 797 ι’σἸςιθιῦιἹοκαὶπολν-

267 799 466 876 tenuitate
487 795 536 872 sir.
559 805 628 868 Cic.
642 805 680 868 in
696 802 795 868 Catil.
813 825 838 866 r.
852 807 882 866 3.
904 801 978 868 lore
996 802 1038 866 in
1056 803 1161 868 armis
1181 813 1275 868 certo
1295 801 1411 880 dioc.
1423 804 1593 870 Manlium
1614 827 1676 872 au·

267 906 374 971 dacia
393 908 577 974 satellitem
597 917 701 990 atque
719 906 963 970 administrum
983 905 1084 972 tuae.''
1126 909 1283 972 Ceterum
1311 912 1371 990 qui
1397 905 1572 976 Mallium
1592 913 1676 978 seri·

252 1011 372 1095 bunt,
393 1016 487 1094 qnod
508 1013 546 1076 in
567 1012 693 1080 Grecis
715 1009 1022 1096 exemplaribus'et
1042 1011 1328 1096 inscriptionibus
1346 1012 1396 1078 ita
1412 1023 1586 1080 exaratum
1606 1027 1677 1104 est,

266 1135 325 1180 cos
343 1115 471 1202 fugisse
489 1118 646 1202 videtur,
665 1116 789 1202 sapius
811 1117 914 1182 aliter
932 1116 1118 1202 scriptum,
1137 1117 1239 1183 aliter
1257 1118 1529 1204 pronuntiatum,
1545 1120 1676 1206 fuisses

265 1219 453 1288 Montium
461 1222 602 1304 quidem
611 1226 707 1288 haud
720 1223 825 1290 dubie
832 1224 944 1288 multo
963 1223 1159 1310 antiquius,
1169 1223 1676 1314 etSalmtianaeorthograpbire

147 1377 171 1420 ¹.
266 1327 537 1396 convenientius.
558 1325 698 1396 dicitur·
717 1324 893 1402 ascivisse.
914 1329 1051 1398 berbi.
1070 1339 1238 1414 sumptus
1256 1333 1299 1383 -'
1318 1331 1581 1396 toleraverunt.
1600 1331 1624 1396 i.
1646 1350 1676 1398 e.

264 1429 420 1498 sufficere
441 1435 648 1520 sumptibus.
668 1435 728 1504 cir.
736 1438 811 1500 Ter.
834 1436 958 1500 Heant.
977 1440 1048 1499 3.a.
1068 1440 1120 1500 33.
1141 1456 1223 1500 cum
1245 1437 1409 1514 tolerare
1427 1433 1538 1527 hujus
1557 1457 1676 1522 semp·

264 1544 327 1601 tus
346 1558 423 1604 non
444 1548 565 1622 queat.
586 1541 756 1640 similiter,
776 1539 905 1609 dieitur
925 1542 991 1605 tol.
1013 1547 1225 1632 egestatem,
1257 1536 1440 1626 inopiam,
1456 1537 1611 1633 samem.
1643 1551 1677 1608 et
1706 1591 1723 1609 .

265 1643 411 1712 tolerare
432 1645 598 1716 absolute.
620 1649 698 1712 Tac.
718 1647 909 1728 Aren-410.
930 1644 991 1711 eir.
1014 1645 1534 1730 etiamHecyr.Terent.a.1.28.
1556 1667 1679 1731 sump-

263 1755 326 1812 tus
340 1748 437 1833 peti.
474 1747 639 1839 constare
652 1751 684 1830 i.
706 1772 736 1818 e.
756 1754 977 1831 contrahere;
996 1751 1122 1836 saepius
1140 1750 1287 1840 figurate
1306 1771 1329 1814 a
1349 1751 1516 1816 Cicerone
1537 1772 1678 1838 usurpa-
1772 1819 1775 1826 ,

263 1861 330 1918 tur.
349 1875 382 1920 r.
404 1877 433 1924 e.
454 1859 603 1922 conflare
622 1857 892 1940 accusationem,
917 1855 1109 1939 judicium,
1134 1856 1269 1922 bellum
1291 1863 1325 1922 et
1344 1856 1452 1920 alicui
1474 1857 1678 1944 negotium,

263 1959 477 2047 peniculum,
497 1962 679 2028 invidiam.
698 1961 758 2028 cfr.
777 1981 879 2049 supra
900 1977 1028 2047 capsa
1051 1961 1220 2028 credebat
1226 1980 1345 2048 posse
1362 1959 1562 2026 servitia-
1568 1983 1679 2044 posse

262 2065 381 2130 omisit
401 2067 492 2133 liber
511 2063 682 2133 Eiebhoff.
1408 2121 1413 2132 .

351 2172 431 2254 Cap.
450 2173 552 2237 XXV.
573 2169 787 2255 Sempronia
808 2175 849 2236 D.
868 2171 964 2238 Bruti
982 2191 1079 2236 uxor.
1112 2169 1174 2240 cfr.
1205 2169 1297 2236 inira
1317 2189 1348 2234 c.
1367 2186 1419 2247 40.
1448 2171 1598 2239 Macrob.
1617 2171 1680 2235 Sa·

264 2279 359 2340 turn.
377 2279 410 2336 ³.
427 2281 478 2350 lt.
500 2271 706 2340 virilimlr.
726 2276 834 2342 Tacit.
852 2278 941 2340 nnn.
963 2279 992 2346 6.
1013 2279 1066 2340 ab.
1086 2271 1311 2368 ‘Agrippina
1334 2313 1375 2329 -
1397 2272 1560 2342 virilibus
1579 2273 1680 2340 curis

251 2372 510 2466 foems'rrornm
539 2375 627 2447 vitio
647 2387 811 2450 exuerat.
835 2383 876 2458 h,
896 2404 923 2446 r.
944 2404 995 2464 7²·
1027 2377 1151 2447 ouilia
1169 2384 1320 2448 seelera.
1339 2383 1466 2450 lustin.
1481 2401 1530 2464 27.
1546 2399 1576 2445 a.
1604 2403 1680 2447 sce·

262 2484 421 2568 teretem
443 2480 650 2570 virilemque
669 2483 783 2550 sumit
803 2486 1011 2555 audaciam.
1033 2489 1081 2552 id.
1097 2506 1129 2554 a.
1150 2510 1198 2554 ra.
1219 2484 1260 2554 in
1279 2485 1432 2568 muliere
1451 2484 1588 2564 vr'ritem
1610 2509 1679 2554 au·

200 2643 202 2646 .
263 2584 409 2654 dociam
431 2609 608 2655 cerneres.
626 2591 748 2670 Vellej.
772 2612 799 2654 r.
824 2613 853 2655 r.
876 2587 991 2656 virilis
1012 2587 1326 2681 onimisoemino.
1351 2593 1443 2656 Flor.
1461 2608 1494 2670 4.
1513 2595 1544 2657 ⁵.
1564 2589 1680 2658 virilis

262 2690 539 2762 mititueuxor.
557 2717 690 2786 genere
710 2692 969 2787 atquesornsa
982 2700 1161 2790 etnthunc
1181 2697 1298 2764 locum
1319 2705 1353 2763 et
1371 2697 1507 2784 priores
1529 2697 1678 2764 editores

272 2806 305 2862 et
337 2801 474 2864 Cortius
505 2803 653 2867 maxime
687 2814 941 2887 corruperunt,
971 2803 1002 2868 is
1035 2804 1130 2868 enim
1165 2811 1361 2886 praeterea
1391 2811 1425 2864 et
1444 2798 1531 2889 suit
1559 2809 1680 2866 contra

271 2905 430 2968 omnium
463 2906 632 2970 librorum
660 2907 858 2970 testimonia
876 2907 1023 2984 delevit;
1040 2906 1149 2970 Aldus
1162 2905 1340 2971 Manutius
1360 2914 1475 2970 autem
1495 2913 1679 2990 etquena-

263 3019 296 3074 te
317 3007 452 3074 liberos
472 3010 624 3094 expulit,
644 3010 1077 3076 Frontonisauctoritatem
1096 3019 1293 3094 praetexens
1316 3010 1348 3074 is
1366 3018 1481 3072 autem
1500 3027 1526 3072 s.
1548 3030 1578 3072 v.
1588 3005 1679 3102 sor.
1755 3013 1763 3024 ’

210 3122 224 3138 ·
262 3120 418 3176 tanetus
440 3115 513 3178 hec
542 3114 665 3176 habet:
687 3111 815 3179 literis
843 3111 937 3180 satis
956 3111 1167 3204 fortunata
1180 3108 1277 3204 suit.
1312 3133 1388 3198 quae
1409 3113 1448 3178 in
1468 3122 1585 3179 nostra
1606 3117 1680 3182 edi·

262 3217 358 3284 tione
378 3237 535 3302 expressa
555 3227 654 3303 sunt,
681 3227 715 3285 et
737 3221 845 3284 codd.
877 3227 910 3284 et
930 3219 1125 3284 Priscianus
1148 3219 1329 3284 confirmat
1359 3221 1437 3286 Lib.
1462 3219 1607 3306 18.'cap‚
1628 3239 1677 3285 αι.

260 3347 297 3411 p.
312 3328 379 3392 182.
400 3325 460 3388 Ed.
477 3325 536 3386 Kr.
559 3319 613 3388 vir
632 3323 657 3392 i.
672 3343 702 3390 e.
722 3324 883 3409 meritus,
903 3327 996 3410 apud
1017 3325 1176 3388 Plautum
1198 3324 1392 3390 innumeris
1410 3325 1519 3410 locis,
1546 3326 1678 3392 intelli·

261 3453 306 3518 ge
314 3430 495 3516 Decimum
504 3427 648 3516 lunium
670 3433 832 3516 brutum,
851 3430 931 3496 vide
952 3429 1045 3494 inira
1066 3451 1137 3515 cap.
1154 3447 1205 3508 to.
1226 3440 1359 3515 patrem
1378 3433 1460 3496 Dec.
1484 3434 1564 3497 Jun.
1583 3434 1681 3498 Bruti

261 3537 391 3622 Albini,
411 3534 474 3618 qui
494 3534 666 3601 Mutinam
686 3533 872 3600 fortissirne
892 3534 1057 3601 defendit.
1068 3529 1162 3626 fuit.
1182 3538 1277 3618 quod
1291 3537 1495 3622 expulerunt
1508 3537 1680 3622 interpre,

262 3649 332 3724 tes,
352 3651 386 3705 et
408 3629 583 3728 eleganter
600 3644 667 3706 hoc
687 3643 767 3707 loco
787 3641 937 3726 positum
958 3649 992 3706 et
1013 3641 1240 3706 necessarium
1260 3641 1350 3706 mihi
1377 3662 1447 3706 esse
1466 3643 1615 3710 videtur.
1637 3672 1680 3689 -

263 3745 431 3812 orationis
454 3765 616 3825 numerus
636 3745 731 3810 enim
752 3746 856 3831 plane
875 3745 1040 3828 solvitur,
1073 3744 1142 3808 nisi
1162 3745 1307 3808 verbum
1329 3754 1483 3830 tempore
1503 3744 1603 3810 finito
1624 3746 1681 3810 in·

263 3852 467 3940 terpositum
486 3853 541 3918 sit.
562 3853 669 3917 verbo
690 3852 785 3916 enim
806 3850 927 3916 addito
945 3850 1094 3914 incisum
1125 3846 1265 3934 plenius
1294 3847 1348 3914 lit.
1369 3849 1481 3914 docte
1500 3849 1570 3914 Cic.
1591 3831 1680 3920 litut.

264 3963 314 4036 46.
334 3963 463 4024 Doctus
482 3965 516 4026 et
538 3958 667 4024 Grecis
684 3957 797 4024 literis
816 3963 849 4024 et
866 3953 1009 4048 latinis.
1029 3957 1091 4020 sed
1110 3954 1340 4026 accusativum
1369 3953 1495 4039 etiam,
1514 3965 1678 4041 praeterea

264 4063 497 4148 infinitivum,
518 4083 597 4128 eum
618 4064 749 4128 doctus
763 4061 867 4149 jungi
886 4079 1004 4146 posse,
1024 4059 1106 4130 satis
1127 4067 1269 4124 constat.
1290 4061 1483 4126 demutata
1504 4070 1678 4130 construe,
1705 4065 1708 4072 '

265 4169 361 4234 tione
381 4167 442 4240 cfr.
463 4171 507 4232 ad
526 4169 604 4254 tog·
625 4181 676 4249 74.
691 4168 871 4254 psallere,
891 4168 1043 4238 saltare.
1068 4165 1117 4229 ita
1136 4167 1473 4245 Macrob.3.14.Vat.
1488 4167 1517 4231 6.
1539 4167 1629 4230 Med.
1645 4170 1676 4230 3.

265 4273 327 4338 ubi
339 4272 468 4341 insulse
489 4271 654 4338 librarius
672 4277 827 4338 cantare
847 4271 992 4338 addidit.
1014 4270 1292 4352 conjunctionem
1311 4279 1402 4338 recte
1423 4269 1582 4336 omissam
1604 4289 1677 4340 esse
