4106 4974
1592 436 1662 485 nor
1737 423 1748 439 ⁸

557 559 559 561 ,
1164 538 1177 568 .
1664 549 1668 554 .

254 593 349 676 lam,
369 589 407 655 in
428 587 504 655 toro
526 591 612 657 sella
631 586 746 655 curuli
766 589 940 656 sedentem
951 630 962 676 ‚
982 589 1146 658 detulisse
1165 603 1334 665 narratur.
1349 596 1517 674 'Eiusdem
1531 598 1584 666 rei
1596 607 1666 669 tes·-

255 695 301 762 tis
321 697 371 761 est
388 697 541 782 Quintus
561 697 679 762 'Cicero
701 698 745 760 de
765 695 865 760 Petit.
886 699 988 759 Cons.
1011 717 1083 781 cap.
1101 719 1128 765 a.
1146 701 1177 764 3.
1208 701 1243 762 Is
1262 698 1404 781 quidem
1415 699 1600 786 Catilinam
1613 704 1667 768 di'-

257 789 305 868 cit
323 803 506 868 educatum
527 801 565 863 in
594 801 724 865 sororis
749 799 889 884 stupris
903 800 1043 883 ejusque
1069 803 1221 887 primum
1241 805 1286 866 ad
1314 805 1564 888 rempublicam
1592 808 1668 871 adi·

257 899 333 971 tum
353 907 393 971 in
412 905 589 988 equitibus
607 904 774 969 Romanis
794 904 993 969 occidendis
1013 905 1127 971 luisset
1157 948 1174 983 p
1186 913 1273 972 Nam
1292 908 1382 995 illis,
1402 930 1489 991 quos
1508 913 1669 977 memini-

257 1013 350 1096 mus,
369 1009 499 1096 Gallis,
518 1010 580 1095 qui
601 1029 680 1074 cum
698 1009 910 1076 Titiniorum
926 1029 966 1074 ac
986 1009 1231 1097 Nanniorum*
1247 1031 1287 1076 ac
1304 1014 1535 1079 Tanusiorum
1555 1018 1672 1102 capita·

257 1118 458 1200 demebant,
487 1115 584 1180 Sulla
603 1119 712 1179 unum
736 1114 919 1178 Catilinam
936 1112 1151 1200 praefeceram
1182 1116 1220 1179 in
1249 1117 1376 1201 quibus
1400 1119 1463 1184 ille
1487 1123 1671 1188 hominem·

258 1221 430 1307 optimum
450 1223 490 1308 Q.
511 1221 702 1306 Cacilium,
720 1221 849 1284 sororis
867 1223 936 1286 suae
954 1220 1093 1304 virum,
1111 1221 1260 1304 equitem
1271 1225 1466 1288 Romanum
1487 1227 1667 1291 nullorum

258 1327 427 1413 partium,
449 1347 528 1390 cum
547 1345 682 1412 semper
700 1334 838 1410 natura,
865 1333 938 1390 tum
959 1325 1063 1391 etiarn
1083 1335 1183 1396 aetate
1198 1326 1272 1406 jam
1291 1330 1464 1416 quietum,
1492 1332 1571 1396 suis
1591 1351 1667 1395 ma-

259 1433 365 1497 nibus
383 1432 519 1496 occidit.
540 1432 634 1518 Quid
653 1452 718 1520 ego
740 1451 832 1494 nunc
852 1431 966 1504 dicam
985 1440 1102 1515 petere
1120 1451 1198 1496 eum
1218 1435 1451 1518 consulatum,
1472 1437 1533 1516 qui
1553 1437 1667 1502 nomi-¹

261 1541 343 1602 nem
362 1537 575 1601 carissimum
593 1538 725 1621 populo
744 1537 920 1620 Romano,
948 1535 1078 1602 ritibus
1104 1557 1168 1622 per
1193 1545 1300 1601 totam
1327 1541 1452 1604 urbem
1479 1541 1668 1609 ceciderit?

261 1643 450 1706 ad'bustum
460 1642 597 1728 egerit?
617 1641 669 1706 ibi
692 1641 789 1706 omni
810 1642 963 1706 cruciatu
982 1641 1100 1706 rivum
1120 1643 1309 1708 lacerarit?
1328 1644 1430 1708 stanti
1450 1647 1579 1709 collum
1594 1647 1667 1733 glo*

261 1746 322 1811 dio
342 1765 404 1810 sua
424 1747 563 1810 dextera
581 1746 747 1831 secuerit,
777 1769 855 1812 cum
883 1748 1021 1811 sinistra
1034 1748 1203 1832 ,capillum
1227 1748 1300 1827 ejus
1319 1769 1341 1810 a
1361 1751 1489 1814 vertice
1510 1756 1669 1817 tenereti-

262 1861 433 1937 caputsua
452 1872 556 1914 mauu
577 1852 706 1936 tulerit,
726 1873 804 1915 cum
824 1853 916 1915 inter
935 1851 1062 1936 digitos
1083 1850 1156 1930 ejus
1175 1850 1429 1940 rivisanguinis
1441 1856 1670 1920 fluereuti”·-'

262 1956 315 2020 cfr
334 1966 467 2022 cetera·
481 1959 534 2021 De
555 1955 691 2022 caecilio
714 1956 885 2021 consentit
905 1957 1106 2020 Plutarchus
1124 1957 1185 2024 rit.
1206 1957 1274 2022 Cic.
1298 1979 1345 2026 ro.
1379 1963 1431 2022 De
1451 1947 1552 2024 caede‘
1563 1962 1669 2024 Marii

263 2062 379 2127 Senec.
402 2066 445 2126 de
465 2063 521 2139 Ira
536 2066 566 2125 3.
586 2063 634 2126 18.
654 2061 745 2124 Flor.
759 2065 790 2133 ³.
808 2079 859 2124 ar.
880 2071 915 2125 ct
934 2061 1097 2144 inprimis
1114 2061 1182 2122 lul.
1203 2063 1307 2126 Firm.
1325 2062 1518 2126 Astronom.
1559 2083 1672 2146 quare

262 2167 337 2234 trae
356 2167 498 2249 quidem
519 2176 587 2242 res,
608 2163 768 2248 plurimis
790 2164 996 2244 testimoniis
1016 2164 1227 2250 confirmata,
1248 2166 1403 2231 dubitari
1422 2167 1557 2249 nequit·
1573 2169 1669 2235 Prae-²

263 2277 357 2336 terea
375 2272 443 2333 hoc
462 2268 602 2333 silentio
622 2269 839 2353 praetermisit
857 2269 1043 2355 Salustius,
1073 2270 1255 2334 Catilinam
1276 2265 1354 2356 post
1374 2281 1556 2357 praeturam
1577 2275 1673 2338 male

263 2376 536 2440 'administratam
555 2363 824 2464 repetundarum
837 2377 990 2441 aClodio
1010 2398 1108 2442 reum
1128 2397 1201 2442 csse
1220 2377 1349 2442 factum
1371 2387 1404 2443 et
1424 2378 1670 2464 solapraevari

264 2471 400 2548 catione
420 2482 624 2546 accusatoris
643 2502 745 2567 poeua
763 2481 861 2547 exilii
885 2484 1069 2549 liberatum
1090 2484 1204 2550 luisse.
1248 2484 1309 2547 cir.
1339 2485 1381 2568 Ω.
1414 2484 1482 2553 Cic.
1505 2488 1548 2549 dc
1568 2484 1674 2549 Petita

265 2583 442 2652 Consi-et
457 2587 524 2652 Cic.
545 2590 589 2651 de
610 2589 756 2672 Harusp.
779 2590 1004 2673 Responsum
1026 2611 1091 2675 pro
1104 2589 1200 2653 Sulla
1213 2609 1263 2670 ²9·
1285 2610 1355 2672 quo
1375 2590 1566 2669 injudicio
1587 2606 1670 2657 con-

264 2693 776 2774 sutTorquamsreoadvooatus
788 2692 864 2758 tuit.
884 2697 960 2760 Imo
971 2695 1203 2767 carentano
1215 2698 1362 2780 Caesare,
1381 2697 1418 2757 C.
1428 2695 1553 2758 Martio
1567 2695 1671 2780 Figu-

264 2794 303 2862 lo
314 2797 450 2880 iterum,
471 2797 562 2860 inter
582 2798 723 2862 sicarios
743 2810 917 2863 accusatus
936 2821 1007 2864 esse
1030 2801 1166 2864 dicitur.
1189 2801 1250 2863 cfr.
1269 2800 1537 2884 FerratiusEpp.
1557 2801 1675 2882 ploos

264 2905 339 2986 sqq.
362 2897 508 2964 Corradi
527 2903 719 2986 Quaestum
727 2926 759 2985 p.
776 2924 842 2984 ¹²9·
865 2907 979 2986 Quare
999 2903 1068 2965 cic.
1090 2903 1164 2986 ipse
1187 2905 1269 2986 Epp.
1282 2905 1326 2964 ad
1346 2897 1414 2968 Ata
1438 2923 1466 2966 r.
1480 2907 1527 2969 16.
1548 2902 1603 2966 bis
1617 2921 1672 2967 ac·
1740 2981 1744 2986 Ι

266 3016 421 3072 ursatum
442 3013 476 3069 et
495 3006 687 3069 absolutum
708 3006 892 3072 Catilinam
913 3007 1017 3071 irrisae
1038 3007 1133 3069 dicit.
1155 3009 1253 3069 etad
1274 3006 1309 3068 id
1326 3006 1498 3084 judicium
1518 3007 1672 3090 pertine·
1735 3027 1739 3040 ¹

200 3175 204 3182 ,
266 3132 306 3178 re
324 3111 481 3194 videtur,
511 3112 606 3191 quod
630 3112 844 3191 Torquatum
873 3107 950 3174 alio
979 3106 1019 3173 irs
1045 3106 1188 3193 judicio
1210 3110 1367 3174 Catilina
1387 3109 1538 3174 adfuisse
1558 3120 1674 3199 negat.

266 3215 328 3285 cfr.
349 3218 408 3280 Or.
429 3235 494 3300 pro
512 3214 699 3298 Sullacap.
720 3234 768 3294 ²9·
808 3211 938 3278 Dahis
958 3213 1120 3278 omnibus
1138 3214 1673 3300 Salustiuspaucissimir-absol·
1778 3257 1779 3260 =

265 3325 327 3390 rit.
349 3342 420 3406 cap.
439 3322 468 3384 6.
509 3319 628 3394 «Huic
644 3319 687 3382 ab
709 3319 939 3383 adolescentia
963 3321 1059 3386 bella
1077 3319 1256 3406 intertium
1277 3325 1399 3406 caedes,
1415 3322 1574 3407 rapinae,
1603 3322 1674 3390 dis2

267 3429 388 3496 'cordia
406 3425 521 3512 civilis
540 3433 636 3509 grata
656 3424 775 3489 fuere:
796 3424 1149 3507 ibiquejuventutem
1169 3445 1267 3490 suam
1287 3428 1449 3492 exercuit.
1457 3427 1674 3510 ’'nisi-quod
1746 3447 1753 3458 ·

266 3535 342 3620 cap.
359 3535 408 3601 rs.
443 3533 487 3596 dc
507 3531 666 3596 Catilinae
687 3531 814 3615 stupris
834 3539 870 3596 ct
889 3533 933 3595 de
952 3541 1073 3596 necato
1092 3531 1169 3597 filio
1188 3551 1299 3616 pauca
1320 3531 1455 3611 adjecit.
1485 3534 1528 3596 At
1549 3533 1676 3599 dixerit

268 3639 414 3722 aliquis,
433 3635 524 3702 nihil
544 3636 649 3702 fuisse
669 3657 732 3700 cur
749 3636 813 3700 illa
833 3638 1090 3723 omitterentur,
1109 3660 1188 3702 cum
1208 3641 1282 3703 hacc
1308 3638 1674 3703 sceleraeuarrarerit.
1764 3638 1767 3644 '

267 3737 428 3809 'Attamen
448 3741 583 3804 diversa
603 3735 729 3804 harum
747 3761 863 3806 rerum
883 3750 933 3808 cst
952 3744 1052 3808 ratio.
1082 3746 1165 3825 Qua
1186 3742 1281 3806 enim
1299 3743 1402 3806 bellis
1423 3741 1583 3805 civilibus
1602 3735 1690 3807 fao?

269 3856 306 3914 ts
322 3845 421 3931 sunt,
449 3845 585 3911 etiamsi
616 3845 854 3910 crudelissima
873 3846 1030 3931 fuerunt,
1058 3852 1172 3910 tamen
1205 3848 1357 3931 quodam
1380 3844 1675 3930 partium-studio

270 3952 411 4020 delendi
426 3949 530 4036 ‘posse
548 3951 776 4037 ridebantur,
797 3971 909 4034 neque
928 3954 993 4015 hac
1014 3951 1052 4014 in
1072 3971 1110 4015 re
1131 3951 1349 4037 potissimum
1368 3949 1525 4017 Catilina
1538 3971 1676 4017 morunt

269 4065 448 4145 perspecta
467 4066 517 4133 est
538 4056 720 4124 atrocitas·
740 4055 907 4122 Prae'terea
927 4055 1016 4120 alius
1035 4057 1182 4143 scriptor
1201 4060 1245 4122 de
1266 4059 1386 4120 eadem
1405 4076 1443 4120 re
1466 4056 1566 4122 aliter
1579 4056 1676 4135 judi-

271 4172 335 4231 cot.
364 4163 460 4244 quod
479 4161 543 4226 alii
563 4160 776 4247 explanatius
795 4170 899 4247 atquc
919 4162 1078 4248 uberius,
1105 4163 1169 4228 alii
1188 4162 1340 4250 pressius
1359 4171 1461 4245 atque
1480 4157 1676 4226 adstrictius

1124 4295 1171 4346 21
