4108 4976
1628 391 1704 496 259

283 599 377 652 sucre
398 594 539 652 certum
560 589 662 672 apud
677 609 839 655 animum
862 600 1037 658 constare
1051 599 1214 677 poterat.
1227 586 1481 683 -sercbatun
1502 591 1615 657 rarius
1635 594 1703 660 hoo

283 694 427 758 verbum
447 694 532 779 ipsis
550 696 770 760 substantivis
789 697 959 783 jungitur3
980 699 1186 783 plerumque
1210 698 1354 764 verbum
1379 697 1634 762 substantivum
1648 699 1703 762 in-

283 801 489 886 terponitur.
510 799 570 864 cir.
587 803 706 870 Horat.
720 804 785 866 Od.
798 820 827 870 a.
844 825 891 884 ¹9·
905 809 954 869 26.
973 825 1050 870 non
1067 812 1129 870 ant
1139 801 1291 870 idoneus
1296 823 1446 891 pugnae
1446 797 1602 890 ferebar
1609 800 1702 868 ia·
1750 803 1756 814 “

283 926 365 971 vero
385 906 560 989 bonoque.
590 888 867 987 conjunctionem
879 909 1016 974 Curtius
1036 910 1074 973 in
1094 931 1166 974 uno
1185 910 1278 973 libro
1297 907 1458 971 omissam
1481 908 1618 977 delevit.
1638 913 1700 976 sed

283 1009 338 1075 lac
359 1011 397 1074 in
419 1010 634 1076 nominativo
653 1013 711 1076 vel
724 1013 915 1078 accusativo
936 1017 1004 1080 hoo
1021 1014 1145 1099 saepius
1165 1015 1256 1098 fieri,
1274 1015 1342 1078 hoc
1361 1015 1405 1076 ad
1423 1013 1511 1077 alios
1523 1033 1617 1078 casus
1627 1035 1700 1079 non

281 1117 449 1201 pertinet3
477 1119 573 1200 quod
592 1117 686 1183 enim
705 1118 744 1192 in
763 1119 975 1186 solemnibus
993 1121 1155 1187 formulis
1180 1129 1231 1186 est
1257 1118 1542 1203 usitatissimum,
1568 1121 1635 1187 boo
1653 1121 1698 1184 ab

281 1220 361 1284 aliis
383 1223 620 1287 locutionibus
639 1223 790 1290 alienum
795 1251 811 1306 ,-
831 1223 1047 1310 impediebat
1069 1225 1094 1291 i.
1114 1247 1142 1292 e.
1164 1225 1383 1311 prohibebat.
1403 1224 1452 1289 ita
1473 1224 1578 1290 etiam
1601 1228 1697 1310 apud-

281 1326 483 1394 Ciceronem
502 1332 573 1395 boo
594 1330 737 1396 verbum
751 1332 921 1418 jungitur.
951 1331 1012 1397 clr.
1028 1333 1088 1398 Or.
1102 1353 1167 1418 pro
1181 1333 1299 1396 Balbo.
1315 1353 1365 1396 ao.
1384 1351 1448 1416 pro
1468 1333 1558 1394 Mur.
1585 1351 1632 1410 ¹9·
1653 1328 1696 1393 de

245 1451 255 1484 1
280 1429 537 1525 cujus-odio
552 1433 749 1521 potentiae
767 1432 986 1506 nobilitatis.
1019 1442 1244 1504 memoranda
1254 1442 1327 1503 haee
1341 1437 1446 1502 trium
1460 1435 1699 1523 genitivorum
1717 1431 1720 1440 ’

279 1538 489 1618 conjunctio.
510 1544 572 1607 sed
587 1543 660 1608 baec
677 1544 795 1608 omnia
813 1540 920 1636 cujus
932 1544 1026 1608 de-
1037 1541 1196 1611 dicimus
1218 1544 1383 1607 Gruterus
1402 1543 1446 1606 ab
1462 1541 1579 1605 aliena
1589 1559 1695 1604 manu

278 1644 450 1732 adscripta
467 1647 601 1730 statuit,
628 1668 701 1714 non
721 1649 945 1716 dissentiente
968 1645 1368 1716 Cottio-dubitationes
1386 1651 1472 1714 Ven.
1495 1669 1523 1710 1.
1542 1647 1694 1711 hoeali·

219 1821 223 1830 ¹
277 1749 404 1816 brariis
423 1760 610 1837 mutatum,
630 1763 669 1817 ut
684 1762 806 1820 rodum
819 1755 1076 1819 terminationes
1085 1761 1283 1836 aequarent.
1300 1747 1466 1828 berturi·
1487 1765 1634 1844 mopere
1645 1771 1691 1815 ne

278 1854 558 1942 rempublicam,
581 1878 627 1922 ne
648 1855 853 1924 libertatem
872 1881 978 1924 suam
1000 1860 1214 1924 desererent.
1244 1861 1340 1940 quod
1358 1853 1397 1920 in
1417 1856 1582 1921 hocloco
1603 1855 1689 1920 libii

276 1959 422 2046 variant,
442 1962 558 2028 etalii
581 1963 648 2026 alia
673 1961 852 2050 omittunt,
880 1965 1013 2030 Cortius
1041 1965 1134 2028 bunc
1154 1963 1271 2029 locum
1290 1963 1340 2026 ita
1357 1963 1598 2049 refingendum
1618 1979 1691 2026 esse

277 2067 417 2130 statuit:
436 2066 600 2152 bortori,
621 2067 897 2154 rempublicam,
917 2067 1124 2135 libertatem
1144 2091 1192 2134 ne
1214 2070 1427 2134 desererent.
1453 2075 1586 2130 tantum
1609 2065 1687 2149 opi·
1737 2097 1740 2104 ·

175 2223 186 2246 ,
278 2172 440 2256 nionum,
469 2193 555 2256 quas
572 2173 651 2255 quis
669 2175 786 2238 animo
804 2175 981 2261 precepit,
1000 2174 1203 2262 perversitas
1223 2178 1268 2238 ad
1286 2171 1422 2259 ingenii
1443 2191 1588 2237 acumen
1608 2187 1688 2255 per-

276 2277 487 2342 turbandum
513 2271 625 2344 veleb
641 2279 731 2366 fugit
758 2301 853 2367 eum,
882 2290 1011 2366 quanta
1039 2282 1092 2346 vis
1126 2281 1210 2346 insit
1241 2280 1280 2344 in
1302 2279 1409 2345 verbo
1428 2280 1581 2368 monere
1608 2282 1686 2361 post
1752 2311 1756 2320 ·

276 2377 428 2448 lrortori
444 2385 621 2470 apposito,
641 2386 746 2451 etiarn
757 2387 825 2452 hoc
843 2387 1010 2474 neglexit,
1031 2387 1179 2452 consilio
1198 2386 1403 2472 particulam
1423 2405 1469 2448 ne
1489 2385 1532 2447 ab
1548 2389 1687 2448 auctore

275 2487 330 2551 bis
341 2490 492 2573 positum
513 2511 595 2560 esse.
614 2502 777 2579 praeterea
790 2511 983 2578 pronomen
1002 2515 1107 2558 suam
1126 2513 1230 2576 quam
1241 2490 1615 2580 significanterdictum
1629 2485 1684 2569 sit,

273 2613 397 2684 parurn
416 2595 598 2667 intellexit.
617 2599 741 2685 populi
764 2599 857 2665 enim
878 2602 1020 2666 libertas
1047 2598 1147 2689 ineo
1171 2608 1244 2666 erat
1256 2598 1384 2684 posita,
1403 2605 1441 2660 ut
1459 2595 1684 2662 omniumre·

245 2777 248 2782 Ι
273 2719 352 2766 rum
365 2721 537 2768 summum
548 2723 653 2790 penes
671 2705 773 2770 illum
787 2715 872 2772 esset
881 2707 1074 2773 arbitrium.
1095 2705 1223 2771 Omnia
1233 2705 1343 2793 igitur
1353 2703 1612 2789 magistratuum
1626 2701 1687 2763 de·

275 2815 365 2870 creta
387 2817 538 2872 autrata
557 2812 685 2875 habere
705 2821 764 2874 aut
782 2813 948 2898 abrogare
967 2814 1097 2897 populo
1114 2813 1225 2876 licuit.
1259 2814 1325 2876 boo
1336 2811 1416 2889 jure
1433 2817 1472 2872 ut
1488 2811 1684 2886 uterentur,

272 2907 410 2999 plebem
437 2913 618 2977 admonuit
644 2915 839 2981 Memmius.
864 2917 1019 3001 superba
1046 2924 1084 2981 et
1103 2913 1280 2998 crudelia.
1299 2916 1469 3000 copulam,
1489 2931 1593 2995 quam
1612 2916 1682 2974 tres

275 3017 387 3080 Cortii
403 3017 487 3080 libri
509 3018 641 3102 delent,
664 3019 772 3082 nostri
792 3037 912 3086 omnes
931 3021 1091 3086 retinent.
1112 3023 1206 3086 solus
1225 3024 1296 3085 Vat.
1310 3026 1339 3083 3.
1362 3042 1407 3084 oc
1422 3021 1535 3083 habet.
1556 3021 1680 3082 osten·

273 3121 367 3187 clere.
390 3122 414 3186 i.
431 3140 461 3188 e.
482 3139 669 3208 exponere,
695 3143 800 3206 quam
819 3125 927 3189 multa
941 3127 1086 3210 superbe
1103 3133 1137 3191 et
1158 3124 1345 3189 crudeliter
1359 3127 1402 3188 ab
1422 3124 1494 3190 illis
1507 3130 1588 3186 acta
1600 3119 1680 3184 lue·

271 3227 353 3290 rint.
375 3247 533 3311 prorsus
560 3223 735 3294 intentus.
763 3229 825 3302 cir.
850 3251 922 3316 cap.
952 3235 1000 3295 2³.
1019 3231 1169 3297 Romae.
1198 3237 1334 3316 poterat
1350 3231 1492 3314 quidem
1515 3232 1589 3294 baeo
1609 3245 1677 3292 vox

272 3331 403 3417 omitti,
431 3337 526 3416 quod
548 3334 616 3397 boc
633 3333 739 3400 facile
757 3335 983 3417 intellexerim
1012 3339 1072 3401 sed
1092 3355 1168 3400 cum
1185 3355 1303 3402 omnes
1320 3337 1405 3402 libri
1426 3334 1539 3401 italici
1552 3340 1682 3419 praeter

271 3439 357 3503 Ven.
372 3453 402 3514 4.
413 3439 476 3522 qui
490 3435 571 3506 cai.
581 3437 750 3507 Memmii
759 3443 872 3528 babet,
883 3461 957 3507 earn
969 3451 1144 3526 tueantur,
1154 3444 1302 3506 duorum
1310 3443 1481 3506 librorum
1495 3442 1563 3506 fide
1577 3438 1686 3505 omit.

269 3553 342 3610 tere
363 3545 479 3609 nolui..
497 3543 599 3609 licuit
618 3545 711 3610 enim
729 3547 862 3613 auctori
877 3551 946 3638 hoc
961 3551 1102 3632 addere,
1121 3556 1160 3611 ut
1173 3549 1364 3613 accuratius
1377 3548 1515 3612 diceret.
1537 3543 1680 3612 oratio·

271 3669 351 3715 nem
372 3648 462 3742 ‹ej'un
481 3672 674 3736 pronomen
693 3652 857 3718 omittunt
875 3653 988 3719 Gueli.
1009 3675 1039 3734 9.
1054 3674 1103 3715 ιο.
1130 3653 1169 3716 id
1188 3657 1283 3735 quod
1301 3663 1335 3718 et
1348 3654 1422 3738 ipse
1429 3651 1628 3734 deleverim,
1644 3650 1678 3714 si

269 3754 386 3838 plures
399 3758 508 3826 Godd.
530 3756 773 3823 consentirent.
798 3751 842 3823 ec
862 3755 991 3826 dicam.
1013 3778 1104 3822 unus
1124 3757 1237 3822 Guell.
1252 3779 1282 3840 7.
1303 3749 1425 3822 dicam
1441 3756 1586 3834 omittit,
1621 3772 1677 3820 ce-

270 3859 337 3922 teri
356 3859 447 3924 nibil
467 3862 610 3925 'variant
632 3879 739 3946 quare
757 3865 851 3928 baud
872 3863 974 3928 laoile
992 3863 1129 3948 dixeris,
1148 3862 1235 3946 quid
1246 3862 1356 3926 Cortii
1370 3861 1583 3946 conjecturae,
1602 3862 1678 3927 bec

154 4039 158 4044 ‚
269 3965 373 4028 verba
386 3965 570 4051 ejicientis,
585 3972 830 4054 opponendum
843 3969 897 4034 sit.
917 3971 965 4033 Ac
977 3969 1128 4053 primum
1138 3968 1296 4054 quidem,
1309 3967 1465 4050 quamvis
1480 3969 1554 4033 baec
1569 3970 1675 4032 verba

270 4067 386 4134 omitti
394 4073 742 4161 posserectedixeris,
752 4074 1040 4139 tamenaSalustii
1048 4072 1423 4140 orationebaudaliena
1431 4084 1525 4152 sunt3
1544 4073 1674 4156 quippe

269 4173 331 4256 qui
353 4171 435 4238 talia
455 4173 564 4239 multa
579 4178 732 4264 addidit,
752 4201 845 4265 quae,
857 4180 887 4246 si
904 4182 948 4244 ad
956 4179 1064 4245 solam
1078 4181 1282 4247 brevitatem
1292 4181 1463 4244 retulisset
1472 4178 1675 4264 orationem,

196 4345 200 4352 .
269 4279 575 4347 omittendaerant.
596 4285 759 4366 Nequein
770 4305 811 4354 eo
822 4285 949 4371 'aliquia
958 4281 1126 4372 offendat,
1146 4289 1240 4370 quod
1250 4279 1494 4352 auctordicam
1508 4305 1572 4372 pro
1583 4282 1679 4350 scri·

910 4395 913 4404 ’
1287 4399 1311 4448 r
