4106 4974
267 349 307 469 ,¹
389 377 464 453 238

385 568 529 658 ingenio
549 573 583 632 et
602 563 797 652 argumenti
818 565 1018 629 tenuitatem
1042 568 1077 626 et
1095 577 1251 647 persone
1279 558 1453 624 levitatem
1482 561 1665 630 onerent.
1698 575 1792 636 recte

385 675 527 760 quidem
554 671 683 736 dicitur
701 671 826 755 saepius
845 674 967 737 eodem
988 668 1101 734 redire
1121 666 1332 749 orationem,
1350 665 1445 728 unde
1461 663 1616 749 profecta
1634 667 1699 749 sit3
1713 677 1790 740 ,sed

384 784 453 846 boc
470 779 529 844 vix
547 778 649 842 aliter
667 775 744 840 lieri
760 777 885 862 potuit.
914 778 996 842 llaec
1017 773 1111 840 enim
1131 772 1288 838 omnium
1309 768 1506 835 orationum
1526 779 1577 836 est
1596 773 1696 861 tatio,
1713 779 1792 860 qui-

385 887 451 952 bus
470 885 508 950 id
527 892 576 950 est
596 881 831 968 propositum,
856 889 896 946 ut
916 881 955 945 in
981 898 1078 944 suam
1097 877 1304 942 sententiam
1324 884 1440 940 orator
1467 876 1649 944 audientes
1668 885 1790 948 trahet.

384 989 537 1056 llomuni
557 988 650 1054 enim
670 986 774 1051 etiam
795 995 898 1070 etque
918 987 1022 1052 etiam
1043 982 1191 1072 rogandi
1214 991 1249 1056 et
1268 981 1392 1067 sepius
1418 979 1525 1047 officii
1551 992 1654 1066 etque
1684 989 1790 1055 Mssi-

386 1096 485 1164 nissae
503 1093 641 1160 virtutis
649 1071 860 1157 admonendi
880 1101 996 1177 erant,
1015 1101 1071 1174 ut,
1091 1088 1248 1154 siminus
1256 1087 1343 1169 justi
1355 1107 1490 1175 amore,
1509 1089 1705 1175 ignominia
1716 1113 1791 1164 cer·

386 1211 420 1266 te
439 1201 547 1278 moti,
567 1199 664 1265 illius
685 1198 820 1284 nepotis
839 1217 975 1262 causam
998 1195 1251 1262 defendendam
1272 1191 1493 1278 susciperent.

425 1308 540 1392 Quare
548 1328 620 1372 non
628 1308 740 1371 solum
749 1305 927 1391 Jugurthae
935 1299 1447 1382 scelusconqueriturldherbal
1458 1307 1492 1365 et
1502 1299 1671 1380 majorum
1683 1303 1792 1368 virtu-

385 1412 627 1479 tem-laudibus
635 1412 802 1494 celebrat,
824 1410 884 1476 sed
900 1407 992 1472 nihil
1015 1405 1158 1492 omittit,
1178 1425 1251 1490 quo·
1272 1412 1331 1469 eut
1353 1404 1441 1468 iram
1461 1409 1625 1470 accendet
1645 1417 1705 1471 aut
1724 1409 1792 1474 mi-

385 1517 610 1582 sericordiam
635 1511 858 1582 commoveat.
891 1515 968 1578 Hoc
988 1512 1136 1578 consilio
1161 1531 1199 1578 se
1218 1513 1455 1576 Romanorum
1475 1509 1636 1576 clientem
1656 1522 1690 1577 et
1708 1514 1791 1576 illo-

386 1641 465 1684 rum
485 1629 618 1687 tantum
637 1621 769 1686 auxilio
789 1619 956 1684 conlisum
973 1637 1053 1687 esse
1064 1618 1167 1702 dicit,
1196 1627 1231 1683 et
1251 1615 1436 1697 majestatis
1456 1618 1620 1682 Romana
1640 1637 1711 1682 esse
1730 1621 1793 1685 do-
1822 1699 1827 1713 .

386 1736 454 1810 oet,
474 1727 660 1812 probibere
680 1716 835 1807 injurias.
860 1725 1051 1811 plurimum
1071 1731 1183 1790 eutem
1203 1723 1242 1787 in
1262 1742 1305 1788 eo
1324 1729 1495 1806 versatur,
1514 1729 1552 1785 ut
1564 1723 1792 1807 ipsosttomm

386 1850 451 1896 nos
459 1833 637 1920 iugurthae
656 1833 843 1898 sceleribus
863 1831 961 1896 laesos
980 1830 1086 1895 fuisse
1107 1829 1316 1914 ostenderet,
1335 1849 1380 1895 ne
1392 1846 1490 1892 suum
1511 1825 1693 1912 injuriam,
1710 1837 1791 1892 tan-

385 1957 491 2020 quam
511 1937 681 2023 alienam,
699 1957 824 2024 parum
844 1941 1011 2002 curarent.
1032 1937 1131 1998 Hanc
1150 1933 1246 1999 enim
1265 1933 1402 1999 feceris
1418 1955 1495 1998 oum
1511 1931 1678 1997 Romanis
1697 1951 1793 1998 oom-

383 2041 491 2128 positi
509 2062 581 2108 csse
601 2043 791 2122 rationem,
811 2051 867 2128 ut,
887 2044 983 2125 quod
1002 2039 1058 2105 illi
1071 2037 1303 2125 potentissimi
1316 2047 1419 2122 atque
1433 2037 1611 2103 tortissimi
1621 2041 1794 2105 baberen-

383 2131 456 2234 tur,
475 2159 666 2214 ceterorum
692 2169 815 2237 regum
840 2157 944 2231 atque
968 2147 1179 2233 populorum
1208 2143 1368 2210 amicitie
1395 2164 1417 2209 a
1435 2142 1539 2211 sociis
1559 2145 1663 2230 plane
1682 2144 1793 2231 negli-

383 2263 557 2340 gerentur,
605 2257 690 2340 Qun
707 2256 826 2320 omnia
851 2274 893 2322 eo
913 2255 1106 2341 pertinent,
1136 2260 1176 2316 ut
1195 2251 1365 2316 auxilium
1384 2250 1453 2314 sibi
1481 2269 1503 2314 a
1523 2249 1689 2314 Romanis
1708 2249 1793 2314 ferri

385 2367 560 2445 oportere,
579 2358 786 2426 firmissimis
804 2363 849 2424 ad
868 2361 1087 2444 probandum
1107 2356 1320 2445 argumentis
1339 2357 1487 2423 doceret.
1514 2355 1583 2420 Sed
1603 2354 1793 2442 plurimum

384 2465 475 2530 valet
493 2465 630 2530 lucidus
640 2475 922 2553 argumentorum
942 2468 1029 2530 ordo
1049 2473 1197 2551 aptaque
1216 2461 1417 2547 dispositio,
1438 2479 1508 2544 qua
1525 2460 1565 2525 iu
1585 2481 1623 2526 re
1642 2461 1794 2548 singulu-

385 2587 461 2632 rem
480 2571 655 2649 quendam
675 2578 785 2634 artem
805 2578 925 2634 auctor
945 2571 1112 2649 ostendit3
1144 2568 1276 2634 doloris
1302 2565 1397 2631 enim
1416 2566 1564 2651 impetus
1584 2575 1619 2630 et
1636 2566 1795 2648 querela·

384 2691 486 2756 rum,
521 2689 605 2755 quas
634 2673 808 2750 Adberbcl
836 2671 970 2756 fundit,
998 2673 1164 2737 acerbitas
1196 2681 1267 2736 tam
1292 2672 1377 2736 scite
1410 2672 1570 2758 precibus
1607 2678 1794 2756 temperata

386 2787 452 2862 est,
472 2786 512 2842 ut
530 2777 706 2863 omnibus,
732 2797 809 2862 que
830 2779 1069 2842 Romanorum
1089 2774 1366 2863 indignationem
1387 2787 1657 2861 commoverent,
1682 2797 1795 2844 remo·

385 2884 447 2967 tis,
468 2883 663 2949 miseranda
683 2883 774 2972 regis
793 2883 933 2949 fortuna
953 2881 1180 2947 ornatissimis
1199 2883 1315 2948 verbis
1336 2886 1505 2971 descripta
1523 2885 1578 2952 sit.
1612 2887 1696 2970 Quae
1716 2885 1794 2967 qut-

385 2989 465 3054 dem
494 2989 767 3073 commiseratio,
796 2989 828 3054 si
859 2988 916 3054 cui
936 2989 1079 3056 mollior
1099 2999 1201 3074 atque
1222 2991 1435 3056 mulierculis
1454 3011 1558 3075 quem
1576 2991 1661 3055 viris
1680 2991 1794 3077 digni·

385 3114 426 3157 or
446 3114 518 3160 esse
536 3095 692 3180 ridetur,
711 3097 749 3159 id
770 3105 921 3181 reputet,
942 3097 1006 3159 hac
1025 3095 1243 3181 potissimum
1264 3115 1302 3162 re
1315 3096 1425 3160 animi
1445 3095 1698 3182 infirmitatem,
1718 3113 1793 3177 que

385 3199 423 3260 in
443 3200 637 3264 Adherbale
657 3201 738 3284 fuit,
759 3201 803 3264 ab
826 3211 964 3266 auctore
985 3221 1057 3267 esse
1077 3202 1296 3268 illustratam.
1328 3205 1412 3290 Quae
1434 3201 1552 3268 omnia
1565 3202 1595 3267 si
1608 3202 1726 3266 animo
1739 3211 1793 3266 rc'·

387 3313 564 3388 putamus,
587 3306 725 3370 nonita
742 3305 852 3372 multa
872 3306 911 3370 in
930 3308 996 3369 hac
1017 3307 1174 3370 oratione
1195 3307 1347 3372 inveniri
1365 3327 1464 3392 posse
1484 3308 1696 3394 putaverim,
1717 3327 1794 3389 qua

385 3407 423 3470 in
439 3409 548 3486 justas
568 3411 850 3496 reprehensiones
870 3409 1056 3478 incurrant.
1530 3485 1533 3492 Ι

426 3513 505 3596 Cap.
519 3515 589 3578 XV.
609 3535 724 3578 suam.
736 3518 803 3579 boc
825 3536 1019 3600 pronomen
1039 3521 1245 3601 notandum,
1265 3521 1308 3581 ab
1330 3519 1447 3583 certio
1458 3539 1530 3583 non
1544 3520 1792 3604 impugnatum3

384 3619 531 3681 sednon
551 3623 712 3682 solumer
724 3620 802 3704 hoe,
821 3619 881 3686 s'ed
901 3621 1005 3687 etiam
1027 3643 1068 3685 eu
1089 3621 1206 3685 multis
1227 3621 1306 3686 aliis
1326 3624 1492 3710 exemplis
1511 3634 1603 3692 recte
1618 3624 1795 3710 colligitur

385 3723 495 3787 multo
515 3723 638 3809 saepius
658 3743 678 3788 a
696 3725 845 3790 Salustio
874 3747 1068 3812 pronomen
1099 3727 1256 3791 additum
1277 3727 1397 3814 luisse,
1419 3749 1524 3811 quam
1542 3731 1666 3816 vulgus
1687 3730 1795 3794 inter.

384 3832 519 3907 protum
541 3839 702 3899 autumat.
736 3832 924 3895 aeolium.
945 3835 1238 3907 Med.8,V·at.·1r.
1264 3833 1295 3897 is
1312 3837 1418 3899 usal.
1440 3835 1531 3900 Med.
1551 3857 1599 3898 rr.
1620 3837 1680 3921 sed
1690 3851 1792 3917 quam

385 3926 487 3994 facile
507 3931 584 3994 fieri
602 3936 765 4019 potuerit,
785 3947 825 4020 ut
845 3934 1008 4002 librarius
1028 3958 1126 4024 pron.
1147 3940 1338 4025 omitteret,
1361 3941 1536 4004 neminem
1553 3939 1653 4027 fugit.
1688 3957 1794 4022 quare

383 4037 478 4100 bunc
497 4053 649 4122 errorem
670 4041 912 4122 potiusquam
934 4042 1101 4108 orationis
1122 4043 1328 4128 elegantiam
1349 4047 1550 4130 putaverim.
1570 4055 1709 4110 onte·
1724 4066 1794 4130 po·

384 4149 524 4206 nerent.
542 4143 741 4226 praepositio
762 4163 783 4207 a
803 4144 909 4208 verbo
931 4147 1099 4226 disjuncta
1121 4169 1218 4214 more
1238 4150 1444 4236 scriptorum
1463 4152 1712 4235 antiquiorum.
1733 4150 1793 4216 cir.

334 4297 336 4304 .
385 4247 505 4314 edCat.
513 4251 560 4314 5³.
569 4247 643 4324 Lir.
654 4251 703 4314 ³5.
722 4241 953 4326 14.Tac.alnn.
966 4259 1011 4322 ιδ.
1024 4257 1073 4332 54.
1082 4259 1341 4340 senatus,quod
1349 4258 1452 4346 longe
1471 4259 1618 4344 plurimi
1637 4258 1720 4322 libri
1741 4277 1802 4327 rea
