4106 4974
1579 413 1650 492 ¹99

242 679 303 762 De
327 663 402 760 tide
425 695 542 787 atque
566 677 794 759 auctoritate
817 674 972 792 Salustii
1002 675 1045 756 in
1064 675 1332 788 conjuratione
1345 678 1521 760 Catilina
1545 709 1655 764 enan

888 823 1022 904 randa.

319 1027 425 1091 Recte
446 1023 517 1088 Cic.
548 1023 615 1108 (de
636 1023 730 1092 Orat.
748 1037 779 1091 s.
806 1021 879 1108 15.)
913 1024 958 1088 de
975 1021 1130 1090 historiae
1149 1021 1383 1091 fundamentis
1401 1025 1450 1091 ita
1470 1029 1649 1117 praecipite
1699 1017 1703 1024 ’

244 1129 352 1214 ‘quis
372 1126 491 1214 nescit,
510 1127 658 1214 primam
679 1146 751 1193 esse
769 1121 925 1196 historias
945 1126 1078 1214 legem,
1098 1148 1143 1194 ne
1165 1129 1251 1212 quid
1271 1128 1351 1195 falsi
1371 1130 1486 1199 dicere
1505 1135 1658 1201 audeat?

247 1235 376 1302 deindo
396 1253 440 1300 ne
463 1231 549 1318 quid
569 1231 645 1299 reri
664 1252 738 1299 non
752 1235 902 1301 audeati
921 1253 966 1300 ne
985 1253 1055 1318 qua
1073 1233 1225 1320 suspicio
1242 1235 1362 1322 gratia
1382 1237 1427 1301 sit
1448 1237 1486 1300 in
1505 1239 1658 1304 scriben-

242 1343 319 1407 do?
351 1359 395 1404 ne
415 1358 484 1423 qua
502 1337 712 1405 simultatis?
740 1340 822 1405 Haec
842 1337 975 1406 scilicet
1002 1337 1229 1406 fimdamenta
1250 1350 1431 1407 notarunt
1454 1343 1657 1409 omninum

241 1445 433 1529 Antequam
453 1442 562 1531 igitur
581 1441 812 1532 excutiamus,
844 1443 932 1528 quid
959 1443 1128 1514 Salustius
1148 1446 1192 1510 ¹iu
1218 1447 1287 1511 hoe
1314 1447 1408 1512 libro
1429 1455 1563 1513 secutus
1584 1465 1657 1514 esse

240 1547 420 1634 videatur,
448 1536 517 1614 boc
537 1549 787 1635 explorandum
805 1557 875 1635 est,
904 1571 988 1614 num
1008 1554 1054 1616 ad
1073 1549 1228 1618 veritatis
1247 1552 1342 1638 leges
1361 1551 1555 1618 orationem
1576 1572 1658 1617 auc·

242 1659 299 1718 tor
319 1653 597 1720 conformaverit.
615 1657 711 1738 quod
730 1653 873 1738 quidem
892 1656 998 1721 multi
1015 1656 1177 1742 fuerunt,
1198 1657 1260 1739 qui
1281 1666 1464 1746 negarent,
1484 1661 1579 1741 quod
1600 1655 1659 1722 ci·

241 1759 376 1825 coronis
394 1758 557 1827 laudibus
577 1758 680 1825 illurn
701 1761 906 1826 obtrectasse
923 1767 1125 1828 statuerant.
1155 1762 1258 1841 Cujus
1272 1763 1415 1846 quidem
1428 1763 1480 1826 rei
1494 1763 1659 1848 indigna·

241 1849 340 1930 tione
370 1863 559 1952 impulsus,
592 1865 810 1932 constantius
835 1864 984 1932 Felicius
1016 1867 1250 1952 Durantinus,
1279 1867 1396 1933 soordi
1423 1869 1512 1937 XVI·
1533 1866 1658 1950 initio,

239 1969 490 2050 coniurationia
509 1968 720 2036 Catilinarite
740 1969 923 2036 historiam
941 1971 1090 2058 iterum,
1109 1972 1133 2036 i.
1146 1991 1174 2038 e.
1205 1971 1352 2036 Iliadem
1371 1980 1450 2058 post
1467 1975 1658 2036 Homerum

224 2075 390 2162 ‚scripsit
413 2076 641 2160 (conferatur
658 2075 816 2162 praelatio
837 2077 911 2156 ejus
928 2077 1084 2141 historie
1110 2079 1155 2139 ad
1181 2079 1333 2140 Leonem
1350 2077 1391 2144 X.
1419 2075 1548 2139 Pontii.
1569 2077 1658 2140 Mar.

238 2180 395 2266 scripta.)
414 2183 481 2246 Sed
491 2181 571 2246 aliis
586 2181 656 2246 alia
669 2181 796 2246 omissa
813 2180 869 2246 vel
880 2179 1043 2245 nonsatis
1055 2179 1217 2242 laudibus
1225 2181 1396 2245 celebrata
1405 2199 1478 2244 csse
1485 2180 1658 2246 ridentur.

241 2287 357 2370 Quare
376 2304 450 2350 non
470 2285 580 2373 magis
595 2289 639 2350 de
652 2285 854 2370 oicemnts,
873 2303 978 2369 quam
998 2287 1042 2350 de
1062 2292 1255 2350 ceterorum
1275 2286 1378 2350 rebus
1398 2284 1659 2371 disputandum,

242 2399 278 2456 et
297 2390 337 2454 in
357 2398 464 2456 totam
483 2411 557 2456 rem
576 2389 826 2475 inquirendum
845 2400 905 2457 est.
946 2389 1103 2456 Primum
1130 2389 1290 2455 omnium
1313 2390 1382 2455 boc
1403 2389 1484 2454 satis
1506 2397 1659 2475 constat,
1693 2459 1698 2470 ,

242 2493 378 2581 copiam
398 2496 553 2562 veritatis
572 2499 822 2586 cognoscenda
845 2495 995 2562 Salustio
1020 2495 1136 2562 fuisse.
1179 2501 1263 2582 Qum
1291 2493 1385 2560 enirn
1416 2513 1459 2560 eo
1485 2503 1659 2582 ternpore,

240 2619 311 2684 quo
334 2601 486 2666 catilina
506 2609 623 2668 contra
645 2601 915 2687 rempublicam
936 2601 1210 2684 conjurationem
1230 2599 1329 2686 iecit,
1348 2600 1517 2664 Salustius
1530 2599 1660 2686 'ampli-

238 2723 280 2770 us
299 2707 418 2777 xxiv.
437 2726 547 2773 annos
567 2715 670 2774 natus
688 2715 793 2792 esset,
825 2707 899 2794 ipse
917 2707 1070 2795 plurima
1088 2707 1188 2773 vidit.
1218 2707 1303 2794 Qua
1323 2715 1440 2772 autem
1468 2726 1548 2771 eum
1568 2707 1660 2771 latu·
1711 2737 1717 2744 ·

240 2818 363 2888 erunt,
384 2831 425 2875 er
445 2813 653 2898 gravisumis
673 2813 816 2877 testibus
843 2813 877 2878 ei
897 2833 1104 2900 cognoscere
1123 2815 1244 2899 licuit,
1277 2815 1339 2895 qui
1360 2813 1503 2876 illorum
1524 2819 1661 2896 tempo·

237 2935 317 2979 rum
337 2916 484 2997 aequales
504 2915 653 2984 fuerunt.
680 2917 792 2982 Multa
812 2917 916 2981 etiam
936 2918 977 2981 in
998 2918 1083 2981 actis
1102 2917 1254 3002 publicis
1276 2916 1388 2981 literis
1406 2915 1609 3002 consignata
1623 2921 1659 2981 et

239 3027 292 3084 tot
310 3029 446 3084 senatus
467 3021 612 3086 decretis
632 3020 962 3106 magistratuumque
985 3021 1107 3085 edictis
1128 3021 1310 3085 manifesta
1329 3020 1480 3090 luerunt,
1501 3023 1659 3085 Accesse-

239 3132 323 3189 runt
339 3124 499 3209 plurimae
518 3125 693 3189 Ciceronis
713 3125 911 3210 orationes,
943 3125 1074 3209 quippe
1098 3125 1162 3206 qui
1179 3133 1258 3209 post
1278 3115 1494 3188 consulatum
1514 3123 1572 3188 rix
1592 3143 1658 3187 un-

239 3248 344 3312 quam
365 3229 404 3293 in
423 3237 544 3294 senatu
563 3230 619 3294 vel
641 3249 754 3294 coram
775 3217 907 3316 populo
926 3230 1032 3294 rerba
1052 3228 1154 3313 lecit,
1174 3229 1261 3312 quin
1282 3231 1326 3294 de
1346 3228 1583 3308 conjuratione
1594 3231 1658 3292 Ca.

229 3333 402 3398 'tilinarie
425 3335 560 3400 dixerit.
596 3335 697 3420 quid,
725 3337 820 3419 quod
841 3335 935 3400 idem
956 3337 1000 3400 de
1020 3335 1217 3400 consulatus
1243 3333 1297 3399 sui
1317 3334 1463 3398 historia
1485 3353 1659 3399 commen·

241 3439 351 3505 tarios
384 3441 503 3506 Graece
535 3449 570 3512 et
596 3441 718 3508 Latine
738 3442 891 3528 scripsit,
921 3439 1104 3526 ipsumque
1126 3440 1309 3519 Luccejum
1329 3440 1505 3524 perpulit,
1524 3446 1564 3504 ut
1581 3440 1659 3518 lau,

241 3549 331 3610 dum
350 3547 708 3634 suarumpraeconium
720 3546 894 3612 memorie
904 3549 1091 3634 proderet?
1111 3545 1267 3630 clulipp.
1281 3549 1325 3610 ad
1339 3547 1405 3609 Att.
1425 3567 1451 3608 r.
1468 3545 1517 3609 re.
1536 3548 1658 3622 «Com-

245 3653 453 3716 mentarium
475 3653 671 3717 consulatus
692 3653 761 3718 mei
783 3654 901 3718 Graece
921 3653 1151 3739 compositum
1170 3651 1248 3714 misi
1269 3655 1314 3714 ad
1338 3661 1372 3716 te
1393 3701 1401 3719 .
1420 3694 1475 3718 ...
1495 3651 1657 3714 Latinum

235 3753 273 3822 oi
286 3756 483 3842 perfecero,
500 3760 546 3822 ad
565 3767 598 3822 te
618 3758 763 3826 mittem.
780 3759 936 3823 Tertium
955 3779 1080 3843 poema
1100 3764 1308 3841 exspectato,
1329 3775 1373 3819 ne
1393 3757 1488 3836 quod
1509 3771 1618 3840 genus
1636 3773 1658 3818 a
1776 3745 1777 3750 ’

242 3880 298 3927 me
318 3859 394 3948 ipso
415 3862 529 3926 laudis
549 3882 634 3928 meae
653 3861 1052 3947 praetermittatur.’vide
1062 3864 1146 3947 Epp.
1158 3863 1250 3923 Fam.
1267 3862 1295 3923 ⁵.
1314 3875 1361 3922 ra.
1369 3862 1413 3922 ad
1424 3863 1492 3922 Att.
1512 3875 1606 3940 r·so;
1627 3874 1658 3942 a,

248 3987 276 4036 ι.
307 3967 443 4053 Quare,
463 3967 493 4033 si
513 3987 533 4030 a
552 3969 670 4053 paucis
690 3968 902 4053 discesseris,
920 3967 978 4031 rix
998 3967 1110 4032 ullius
1126 3965 1177 4031 rei
1197 3965 1428 4030 luculentiora
1456 3965 1657 4031 exstiterunt

196 4157 199 4167 Ι
243 4072 458 4158 testimonia,
485 4095 590 4157 quarn
611 4073 859 4155 conjurationis
883 4072 1104 4141 Catilinariae.
1137 4073 1221 4158 Quae
1249 4071 1357 4158 igitur
1380 4071 1528 4136 Salustio
1558 4069 1657 4148 adju-

246 4186 365 4243 mento
385 4175 546 4263 luerunt,
566 4187 606 4242 ut
625 4178 815 4244 accuratius
833 4176 890 4242 his
910 4180 953 4244 de
974 4177 1076 4242 rebus
1096 4178 1278 4262 scriberet,
1309 4180 1450 4260 eadem,
1470 4176 1500 4239 si
1520 4181 1654 4240 etatem

243 4283 419 4370 tulissent,
438 4282 665 4364 adjudicium
685 4283 888 4352 deauctoris
904 4281 973 4348 lide
988 4282 1200 4369 iaciendum,
1222 4283 1369 4357 maxime
1382 4282 1509 4346 idonea
1529 4283 1651 4348 essent.
