4116 4970
389 335 444 468 '78

390 567 558 628 testatem
579 555 752 652 suturas.
780 564 815 626 et
834 556 1037 642 interpretes
1056 557 1102 622 ad
1127 553 1366 656 hupploonm.
1385 559 1495 624 Plaut.
1516 557 1637 627 Casina
1654 575 1684 623 a.
1698 563 1728 623 5.
1750 565 1802 628 06.

390 663 456 734 ubi
474 664 513 732 in
534 670 656 730 lustra
669 660 858 753 jacuisti?
878 663 977 748 Epid.
989 680 1024 726 n.
1044 685 1073 728 a.
1091 683 1121 746 7.
1143 650 1207 750 ego
1228 663 1329 728 illum
1344 661 1469 730 audivi
1480 659 1518 730 in
1537 683 1698 731 amorem
1714 665 1803 731 hae·

391 795 483 848 rere.
500 775 634 838 Terent.
655 773 809 834 Eunuch.
827 787 856 834 a.
873 791 900 832 a.
918 786 968 849 ²9.
989 764 1028 832 in
1049 776 1196 832 tantum
1216 768 1391 834 honorem
1412 789 1494 835 esse.
1507 772 1587 833 Tac.
1605 770 1695 837 Hist.
1713 775 1800 854 uttp.

391 875 544 945 saevitia
565 876 703 942 Galbae
721 875 760 940 in
781 871 988 941 custodiam
1008 871 1165 938 habitos.
1184 875 1276 938 Curt.
1289 877 1319 938 5.
1334 877 1363 939 5.
1381 895 1427 938 ιο.
1466 870 1626 940 Darium
1648 875 1687 940 in
1709 873 1802 944 Cili-

391 979 487 1050 ciam
498 979 591 1074 sore
609 976 869 1051 nunciabatur.
890 979 927 1044 id
943 1001 972 1063 7.
988 985 1019 1050 5.
1037 1001 1085 1062 ι7.
1114 999 1214 1044 nunc
1234 975 1273 1044 in
1294 974 1469 1065 mediam,
1488 999 1588 1043 nunc
1607 975 1647 1046 in'
1667 977 1799 1050 ultima

389 1075 535 1180 agmine
556 1130 607 1159 ...
631 1088 761 1152 aderat
782 1094 816 1151 et
836 1105 923 1168 quos
942 1088 1061 1150 laudat
1078 1084 1303 1151 Freinshcim.
1324 1083 1364 1148 in
1384 1083 1500 1149 indice
1520 1102 1547 1150 s.
1559 1105 1592 1152 r.
1614 1077 1664 1152 in.
1680 1085 1800 1150 Claud.

392 1193 640 1282 Quadrigarius
659 1194 752 1277 apud
772 1191 861 1257 Gelt.
879 1213 928 1274 17.
945 1199 975 1259 2.
996 1211 1065 1256 nos
1085 1187 1123 1255 in
1143 1185 1566 1274 mediumrelinquemua.
1587 1197 1622 1256 et
1634 1189 1760 1257 iterum
1769 1195 1800 1258 6.

393 1314 442 1377 14.
459 1321 489 1382 9.
510 1301 596 1366 Just.
612 1305 644 1364 5.
662 1318 690 1361 ι.
712 1318 739 1362 ι.
761 1295 853 1362 bello
876 1297 915 1360 in
937 1289 1130 1361 Graeciam
1153 1291 1355 1386 infeliciter
1371 1301 1489 1386 gesto.
1512 1303 1547 1362 et
1567 1312 1596 1359 a.
1615 1313 1664 1359 ra.
1688 1300 1717 1360 6.
1739 1318 1801 1362 sa·

392 1406 442 1472 tis
449 1405 712 1471 multashostea
724 1398 763 1467 in
771 1397 965 1467 Graeciam
974 1421 1121 1466 manere
1133 1397 1319 1466 dictitans.
1333 1402 1529 1466 Ramshorn
1545 1401 1603 1465 Gr.
1615 1403 1677 1466 Lat
1691 1401 1720 1487 ς.
1729 1406 1800 1468 006.

320 1557 335 1578 s
391 1514 421 1581 5.
441 1513 532 1576 hane
549 1509 736 1575 verborum
756 1516 960 1572 structuram
981 1505 1073 1571 inter
1092 1505 1302 1571 archaismos
1322 1505 1437 1572 relert.
1457 1505 1517 1572 etr.
1537 1507 1634 1572 Voss.
1653 1509 1696 1571 de
1716 1525 1800 1570 con-

390 1615 578 1682 structione
599 1637 627 1679 0.
643 1615 693 1679 65.
714 1615 883 1688 vechner.
904 1601 1078 1678 Hellenol.
1102 1635 1130 1676 1.
1151 1615 1201 1676 16.
1226 1615 1356 1696 Popma
1376 1613 1420 1676 de
1439 1631 1505 1675 usu
1525 1611 1675 1693 antiqua
1694 1611 1806 1676 locut,

391 1737 423 1797 a,
437 1743 469 1806 7.
482 1723 641 1786 schottus
675 1721 762 1786 Nod.
783 1719 850 1784 Cic.
869 1721 897 1788 1.
917 1719 947 1783 5.
975 1717 1127 1805 Scaliger
1147 1721 1190 1782 ad
1212 1717 1334 1790 Manil,
1355 1737 1382 1782 ι.
1398 1719 1468 1793 045.
1491 1719 1603 1780 Burm.
1618 1718 1662 1778 ad
1678 1715 1800 1800 Quint.
1903 1777 1905 1780 .

391 1831 421 1894 6.
437 1845 467 1890 a.
488 1849 565 1915 pag.
577 1829 648 1891 505.
687 1825 899 1891 Broukhons.
919 1826 965 1888 ad
984 1826 1139 1908 Propert.
1162 1845 1191 1888 a.
1210 1845 1239 1906 7.
1268 1825 1318 1888 50.
1346 1823 1470 1890 cellar.
1486 1826 1529 1886 ad
1551 1825 1642 1888 curt.
1655 1827 1684 1886 5.
1699 1825 1728 1888 5.
1752 1843 1800 1887 ιο.

389 1931 475 1998 huic
495 1931 744 1998 constructioni
764 1927 937 1995 contraria
964 1938 1040 2014 est,
1063 1928 1129 1993 ubi
1158 1929 1327 1994 ablativus
1353 1949 1417 2014 pro
1444 1928 1637 1994 accusativo
1668 1928 1799 2014 positus

391 2047 451 2104 est.
473 2057 503 2105 e.
523 2058 574 2125 gr.
594 2037 705 2101 Plaut.
725 2036 803 2100 Aut.
823 2038 853 2099 5.
869 2037 898 2098 6.
919 2055 967 2117 ι7.
998 2033 1059 2098 cir.
1079 2033 1245 2098 Ruddim.
1263 2035 1388 2100 Institt.
1407 2035 1444 2098 L.
1462 2037 1501 2098 L.
1515 2034 1552 2097 Ρ.
1571 2035 1615 2097 Π.
1635 2054 1711 2122 pag.
1727 2035 1799 2098 ³26.

390 2143 456 2227 qui
465 2139 704 2208 intromisisti
718 2138 757 2206 in
774 2135 923 2206 aedibus
944 2136 1163 2229 quingentos
1184 2136 1350 2223 coquos'?
1361 2145 1508 2208 -Surrt
1520 2134 1647 2222 quiite
1661 2139 1799 2212 dicunt.

377 2247 429 2313 'in
447 2250 503 2314 his
523 2248 685 2313 formulis
706 2268 780 2312 non
798 2247 912 2312 solum
933 2242 1193 2324 conjunctivum
1212 2247 1272 2309 sed
1287 2265 1383 2311 more
1396 2247 1593 2310 Graecorum
1607 2243 1731 2330 sepius
1745 2245 1801 2307 in·

390 2351 578 2418 dicatirum
598 2353 701 2440 poni,
726 2353 801 2433 jam
821 2353 913 2418 inter
933 2369 1054 2436 omnes
1076 2351 1158 2416 satis
1179 2359 1321 2415 constat.
1361 2347 1526 2434 Inprimis
1545 2349 1613 2414 hoc
1634 2347 1703 2434 tit,
1721 2367 1799 2413 cum

391 2478 538 2542 praesens
558 2460 731 2544 precedit.
752 2459 814 2523 etr.
833 2461 934 2544 Prop.
946 2461 976 2522 5.
992 2477 1021 2538 7.
1039 2468 1088 2540 17.
1128 2457 1200 2522 Est
1219 2451 1349 2539 quibus
1367 2455 1482 2520 Eleae
1503 2448 1698 2519 concurrit
1711 2455 1799 2539 pat·

391 2581 453 2624 ma
476 2562 689 2650 quadrigae.
707 2562 803 2648 virg.
816 2563 941 2646 Georg.
958 2577 988 2622 n.
1001 2578 1053 2624 aa.
1071 2568 1160 2624 eunt
1180 2556 1257 2644 alii,
1279 2579 1371 2640 quos
1391 2555 1466 2643 epae
1487 2553 1620 2625 viasibi
1639 2553 1801 2644 repperit

391 2685 489 2732 usus.
513 2665 599 2731 Hor.
620 2665 686 2729 Od.
702 2685 731 2729 ι.
743 2685 771 2726 1.
786 2681 817 2728 a.
834 2673 933 2746 sunt,
957 2681 1047 2744 quos
1071 2655 1258 2726 curriculo
1275 2665 1458 2747 pulverem
1468 2656 1699 2753 Olympicum
1713 2683 1800 2729 con-

389 2767 518 2859 legisse
528 2766 652 2860 jurat.
676 2772 737 2834 sed
765 2767 870 2834 etiam
894 2765 1047 2854 perlecto
1066 2765 1121 2831 vet
1143 2763 1260 2830 futuro
1280 2768 1465 2854 preposito
1488 2769 1715 2835 indicativum
1734 2788 1799 2855 po·

387 2893 469 2942 nere
490 2875 582 2940 licet.
603 2874 663 2938 eir.
685 2877 746 2960 Ep.
761 2891 790 2937 a.
805 2891 834 2937 a.
855 2873 926 2939 128.
946 2868 1039 2940 Fuit
1058 2869 1339 2962 haudignobilir
1348 2870 1474 2964 Argis,
1496 2868 1563 2958 qui
1581 2893 1620 2939 se
1629 2873 1799 2940 credebat

388 2979 542 3046 auduse.
552 2989 586 3047 et
595 2983 633 3044 A.
654 2982 692 3051 P.
715 2982 787 3056 56ι.
808 2978 881 3046 erit
903 2999 997 3064 quae
1014 2974 1051 3043 si
1060 2974 1220 3064 propius
1238 2987 1328 3065 ates,
1349 2986 1386 3043 te
1404 2973 1526 3064 capiet
1545 2973 1672 3069 magis.
1691 2981 1798 3046 Serm.

390 3105 418 3147 ι.
435 3089 466 3148 6.
482 3102 512 3162 4.
534 3107 621 3151 avus
641 3083 711 3151 tibi
729 3093 919 3152 maternus
929 3080 1017 3177 fuit
1037 3095 1149 3169 atque
1163 3091 1356 3171 paternus,
1378 3081 1476 3152 olim.
1499 3081 1565 3167 qui
1583 3085 1728 3174 magnis
1746 3083 1798 3150 le-

385 3180 560 3278 gionibus
579 3185 852 3270 imperitarunt.
871 3189 935 3252 ubi
956 3189 1138 3253 Heindorf.
1159 3207 1283 3273 parum
1297 3197 1396 3254 acute
1410 3185 1665 3273 imperitarent
1678 3191 1796 3276 legeu-

387 3294 472 3357 dum
484 3291 706 3372 essejudicat.
720 3293 831 3356 Plaut.
844 3292 941 3356 Trin.
962 3314 988 3356 1.
1002 3309 1031 3355 a.
1052 3295 1102 3370 54.
1122 3301 1221 3376 sunt,
1236 3315 1327 3377 quos
1345 3291 1424 3359 scic
1446 3315 1520 3360 esse
1537 3291 1688 3382 amicos,
1699 3303 1797 3376 sunt,

390 3416 482 3480 quos
500 3395 692 3480 suspicor,
713 3405 821 3483 sunt,
842 3417 998 3482 quorum
1029 3393 1177 3488 ingenia
1195 3406 1309 3484 atque
1328 3395 1470 3467 animos
1489 3420 1627 3486 nequeo
1647 3421 1797 3467 noscere

387 3508 451 3569 ete.
470 3501 704 3585 aliaexempla
724 3502 842 3565 laudat
862 3501 1045 3566 Heindorf.
1066 3506 1110 3567 ad
1130 3505 1250 3574 Horat.
1270 3509 1377 3571 Serm.
1400 3529 1426 3573 ι.
1439 3523 1469 3586 4.
1485 3523 1536 3585 04.
1556 3510 1617 3574 sed
1632 3507 1796 3573 incolat·

385 3625 444 3674 sus
465 3615 529 3693 est,
549 3609 643 3690 quod
665 3607 707 3672 in
726 3605 882 3672 oratione
901 3605 1054 3694 pedestri
1072 3606 1297 3672 indicativum
1317 3612 1404 3697 poni
1422 3633 1522 3700 posse
1541 3620 1655 3701 negat.
1674 3616 1797 3679 Ranis-

384 3713 476 3778 horn
495 3712 525 3798 ς.
544 3715 613 3792 184.
633 3711 673 3778 in
693 3717 758 3781 hac
775 3717 961 3781 verborum
982 3721 1151 3780 structura
1170 3717 1371 3804 explicanda
1391 3737 1514 3804 parum
1535 3719 1740 3808 diligentem
1758 3738 1795 3786 se

383 3818 543 3904 praebuit.
587 3821 654 3887 Sed
675 3843 749 3890 non
768 3825 880 3889 solum
900 3827 993 3910 apud
1012 3830 1131 3910 poetas
1151 3826 1211 3889 sed
1236 3825 1341 3889 ctiam
1369 3828 1463 3911 apud
1483 3825 1685 3892 Ciceronem
1704 3827 1794 3891 hanc

384 3925 589 3990 structuram
609 3943 681 3991 esse
700 3929 781 3994 satis
800 3927 1016 4014 frequentem
1037 3938 1070 3996 et
1090 3927 1341 3995 inconsiderate
1355 3931 1398 3996 ab
1412 3931 1568 3996 Ernestio
1585 3934 1793 4019 damnatam,

385 4027 448 4116 qui
469 4027 643 4094 Ciceronis
661 4033 854 4100 orationem
874 4037 919 4100 ad
937 4035 1074 4122 regulas
1093 4052 1116 4098 a
1141 4053 1178 4101 se
1205 4033 1361 4099 inventas
1388 4035 1644 4124 conformavit,
1673 4037 1793 4102 docuit

383 4135 580 4224 Heusinger
599 4137 635 4201 Ρ.
652 4136 766 4205 XLIX.
788 4148 822 4203 ot
841 4153 925 4220 2⁰43
959 4138 1037 4206 loca
1062 4139 1126 4206 ubi
1155 4141 1235 4202 Era.
1266 4148 1386 4206 contra
1414 4143 1521 4207 Codd.
1553 4139 1791 4208 auctoritatem

386 4242 641 4324 conjunctivum
661 4263 726 4330 pro
746 4241 934 4311 indicativo
954 4245 1085 4332 posuit,
1112 4251 1192 4312 sunt
1214 4245 1258 4314 de
1277 4239 1345 4315 off.
1360 4268 1387 4312 ι.
1403 4263 1453 4326 ²4·
1472 4253 1524 4314 50.
1544 4250 1589 4314 de
1609 4249 1679 4314 inr.
1696 4270 1725 4312 ι.
1739 4265 1790 4326 40.
