4116 4970
353 333 447 426 Δ66

389 531 512 607 faciem
538 549 603 616 pro
630 535 758 594 statura
783 527 956 612 totiusque
976 525 1129 612 corporis
1147 524 1257 612 ligura
1276 524 1402 592 dixisse
1420 522 1515 590 idem
1534 522 1788 590 animadvertit.

395 638 756 715 mmmmm

472 743 551 825 Cep.
570 743 657 806 XVI.
685 737 855 804 illexerat
875 739 899 802 i.
920 758 950 806 e.
971 742 1169 820 corruperat
1190 742 1224 800 et
1244 734 1313 798 sibi
1343 732 1596 798 conciliaverat.
1625 731 1688 796 cir.
1708 733 1791 800 vet-

392 844 452 924 tej.
481 863 510 908 s.
544 850 591 912 st.
624 840 841 910 iaesearrdae
875 839 1151 924 illiciendaeque
1183 833 1431 904 multitudinis
1463 857 1577 902 causa
1611 843 1644 902 et
1680 853 1710 900 s.
1741 841 1791 918 76·

393 949 583 1014 Domitium
621 948 774 1014 consiliis
811 949 882 1012 suis
911 947 1067 1010 illectum
1096 946 1212 1024 junxit
1254 943 1416 1008 Antonio.
1463 945 1597 1006 Lucret.
1635 958 1666 1018 4.
1700 943 1789 1012 ωδ.

397 1074 617 1136 cavereque,
649 1075 694 1118 ne
726 1049 907 1116 illiciaris.
937 1087 979 1104 -
1007 1047 1180 1138 signator
1205 1048 1268 1130 qui
1296 1056 1496 1112 testamento
1530 1045 1712 1112 scribendo
1739 1053 1792 1110 at-

398 1177 465 1238 que
484 1157 697 1242 obsignando
726 1158 837 1238 adest,
857 1155 996 1218 Sueten.
1015 1155 1093 1228 Tib.
1116 1159 1165 1218 23.
1192 1153 1358 1229 ,iliatam
1385 1150 1527 1236 Augusti
1555 1159 1790 1214 testamentum

394 1281 466 1326 non
492 1261 649 1326 admissis
676 1258 924 1344 signatoribus,
956 1257 1025 1320 nisi
1044 1256 1209 1320 senatorii
1230 1255 1380 1340 ordinis,
1405 1275 1468 1339 per
1486 1254 1649 1318 libertum
1670 1253 1792 1319 recita-

393 1365 481 1430 vit.”
511 1369 649 1428 eosdem
676 1363 748 1428 scil.
769 1363 872 1426 falsos
900 1363 987 1448 sign.
1018 1361 1136 1426 Cicero
1166 1368 1468 1425 testamentorum
1502 1357 1726 1448 subjectaret
1756 1365 1791 1421 et

396 1463 732 1550 circumscriptores
753 1468 915 1551 appellat
932 1503 975 1528 -μ
996 1466 1228 1532 commodare
1245 1465 1269 1526 i.
1282 1485 1311 1530 e.
1332 1463 1411 1528 usui
1430 1463 1583 1547 prebere
1603 1461 1664 1526 cir.
1681 1463 1791 1526 Plaut.

396 1571 507 1634 Perse.
539 1588 567 1632 a.
588 1575 618 1637 ³.
642 1587 671 1632 s.
693 1572 924 1636 commodare
943 1566 1062 1634 alicui
1080 1590 1184 1652 opes,
1210 1589 1305 1653 spes,
1325 1567 1439 1632 lanas
1459 1566 1596 1650 capias.
1617 1577 1651 1631 et
1670 1563 1792 1652 sepius

396 1673 493 1742 alibi.
516 1675 606 1740 nihil
628 1675 825 1748 insolitum,
845 1674 913 1738 nisi
933 1677 1027 1757 quod
1045 1675 1179 1736 dativus
1199 1673 1344 1738 omissus
1364 1682 1423 1738 est.
1446 1669 1532 1736 vilia
1553 1671 1693 1735 hahere.
1716 1689 1792 1734 rer·

397 1779 480 1842 bum
500 1779 736 1856 desideratum
755 1779 818 1842 alii
839 1779 1036 1844 edocebant
1055 1778 1233 1862 supplent,
1254 1777 1317 1840 alii
1338 1775 1549 1839 infinitivum
1576 1780 1620 1840 ad
1639 1771 1792 1858 impera·

398 1883 462 1948 bat
475 1883 646 1967 referunt,
672 1885 767 1966 quod
787 1885 906 1966 probo.
927 1883 976 1945 ita
997 1883 1089 1946 euim
1111 1881 1246 1964 impero
1268 1883 1362 1945 haud
1382 1899 1462 1944 raro
1481 1881 1699 1944 construitur.
1727 1880 1793 1942 Te·

399 1999 484 2052 rent.
496 1989 626 2052 Andria
647 1991 675 2052 5.
691 2005 720 2052 s.
734 2009 761 2051 1.
782 1985 1036 2052 animastiasa
1059 2007 1133 2050 esse
1152 1983 1300 2068 impero.
1324 1985 1639 2070 Virg.Acn.7.168.
1661 1983 1724 2046 ille
1736 1979 1793 2046 in-

400 2101 461 2156 tra
483 2102 582 2158 tecta
601 2077 733 2160 vacari
752 2090 1016 2178 imperabat-
1035 2087 1244 2156 attriverat.
1264 2089 1289 2157 i.
1309 2109 1337 2153 e.
1357 2098 1552 2171 attenuare,
1571 2087 1792 2170 imminuere,

407 2218 540 2261 carrum
546 2194 884 2284 pere-Jug.79.alteri
896 2193 1275 2278 alterosaliquarttam
1290 2189 1521 2259 attriverant.
1543 2201 1577 2258 et
1588 2196 1668 2278 Jug.
1677 2196 1790 2260 effac.

400 2300 487 2364 Hist.
501 2324 527 2363 1.
547 2305 597 2382 89.
613 2313 645 2366 et
657 2304 804 2388 Quintil.
825 2303 1005 2386 proem.lib.
1020 2303 1051 2373 8,
1072 2285 1212 2385 ingenis
1233 2308 1434 2364 attentatur.
1454 2295 1715 2364 circumvenire
1733 2299 1792 2364 cfr.

400 2405 477 2492 Jug.
503 2411 570 2470 103.
592 2404 630 2470 in
652 2405 782 2472 itincre
797 2430 820 2470 a
839 2408 1046 2472 latronibus
1068 2403 1304 2468 circumventi
1321 2405 1347 2477 i.
1371 2424 1400 2468 e.
1421 2404 1591 2489 oppressi,
1611 2403 1791 2488 capti.1.iv.

407 2515 516 2582 snit.
530 2510 719 2598 jugulare.
741 2515 835 2588 quod
856 2510 989 2572 Cottius
1010 2510 1175 2592 intelligit
1196 2506 1391 2594 imperare,
1411 2511 1499 2572 mihi
1516 2509 1633 2572 abhoc
1642 2512 1720 2572 loco
1729 2509 1793 2570 ali-

401 2631 503 2672 cuum
526 2631 595 2674 esse
615 2612 777 2674 videtur:
806 2615 892 2672 Nam
912 2612 1062 2693 primum
1083 2612 1337 2689 conjunctivum
1365 2617 1507 2677 modum
1531 2613 1568 2676 in
1592 2616 1653 2676 tati
1673 2615 1792 2678 rerba-

402 2737 477 2778 rum
499 2724 666 2778 structura
689 2715 901 2778 usitatiorem
936 2714 1077 2797 dixeris,
1115 2717 1268 2796 quamvis
1288 2718 1453 2780 Salustius
1473 2718 1656 2798 aliquoties
1674 2716 1711 2780 in
1729 2719 1792 2780 hac

399 2837 436 2884 re
457 2823 591 2886 Graecos
612 2822 793 2906 scriptores
813 2821 987 2904 sequitur;
1010 2831 1080 2884 tum
1102 2841 1145 2884 ue
1166 2841 1252 2904 opus
1270 2820 1410 2903 quidem
1422 2821 1578 2904 videtur,
1597 2832 1634 2884 ut
1651 2823 1792 2886 verbum

399 2926 649 3013 intelligemus3
677 2927 862 3012 sepissime
882 2926 975 2990 enim
997 2926 1140 3005 alicujus
1161 2925 1211 2990 rei
1232 2935 1350 2989 auctor
1370 2945 1445 2988 eam
1479 2927 1641 3010 perficere
1662 2931 1792 2994 dicitur.

399 3041 618 3117 torpesceret
640 3036 729 3098 Med.
747 3037 775 3103 i.
794 3055 825 3114 9.
842 3055 889 3095 11.
911 3035 997 3100 Ven.
1015 3049 1045 3108 4.
1065 3035 1141 3100 Vct.
1157 3053 1186 3100 1.
1199 3048 1227 3092 a.
1242 3035 1273 3094 3.
1293 3032 1392 3095 Bsrb.
1403 3035 1432 3094 3.
1454 3041 1658 3114 torpescere
1674 3035 1752 3118 Jug.
1766 3049 1793 3094 a.

403 3133 588 3224 ingenium
628 3135 770 3201 incultu
806 3149 917 3221 atque
936 3135 1107 3202 socordia
1130 3147 1335 3218 torpescere
1353 3132 1582 3200 sinurtssit
1613 3137 1720 3198 Italic.
1740 3141 1792 3198 ἰδ.

402 3257 448 3315 14.
477 3237 579 3327 vigor
602 3239 750 3326 cogitur
769 3239 869 3302 sertio
892 3250 1096 3320 torpescere
1122 3261 1254 3302 rerum.
1287 3243 1365 3302 Tac.
1386 3238 1465 3302 hist.
1489 3263 1515 3300 s.
1537 3263 1586 3320 7¹·
1610 3241 1740 3304 desidia
1760 3253 1792 3305 ct

399 3344 533 3406 deliciis
554 3353 744 3426 torpescere
765 3341 788 3404 i.
811 3363 838 3404 e.
859 3341 930 3404 vim
952 3353 1053 3424 atque
1073 3343 1227 3428 vigorem
1249 3343 1415 3407 amittere.
1440 3345 1500 3408 cfr.
1516 3348 1648 3430 Fragm.
1663 3344 1748 3408 Hist.
1767 3367 1792 3408 1.

397 3469 428 3524 9.
458 3447 553 3513 Orat.
577 3448 667 3508 Phil.
688 3445 722 3509 si
751 3456 859 3510 tanta
881 3450 1030 3529 torpedo
1052 3449 1196 3511 animos
1216 3446 1405 3531 oppressit,
1418 3449 1640 3538 -gratuito
1653 3449 1793 3534 proprie

397 3551 524 3636 gestis,
545 3551 619 3614 sinc
641 3553 796 3612 mercede
817 3561 876 3612 aut
887 3551 1041 3632 premio.
1062 3553 1197 3613 scdhoc
1211 3553 1288 3614 loco
1309 3563 1358 3617 est
1378 3554 1453 3618 sinc
1474 3573 1588 3639 causa,
1608 3553 1742 3638 trustra,
1756 3565 1807 3618 ut*

398 3657 613 3740 spudSencc.
635 3658 695 3741 Ep.
709 3657 773 3718 105.
795 3651 918 3720 odiam
940 3677 985 3720 ec
1006 3653 1145 3736 efflata
1164 3653 1219 3720 sic
1240 3655 1388 3742 citabis,
1408 3655 1584 3722 rtemirtem
1616 3661 1794 3726 lacessere-

398 3763 446 3825 elo
465 3761 644 3851 gratuita.
675 3763 768 3826 idem
790 3765 833 3825 dc
854 3763 982 3828 Cesare
1003 3762 1119 3826 Cicero
1136 3761 1287 3850 judicat,
1308 3768 1351 3828 de
1371 3763 1469 3831 offic.
1482 3781 1510 3824 a.
1523 3781 1573 3838 24·
1594 3765 1664 3828 trac
1678 3763 1793 3848 ipsum

403 3885 481 3927 eum
505 3866 713 3949 delectavit,
730 3889 902 3952 peccare,
924 3864 1070 3930 etiamsi
1088 3889 1200 3932 causa
1220 3889 1294 3933 non
1315 3877 1413 3932 esset.
1440 3869 1575 3932 Cottius
1594 3869 1712 3932 statuit
1732 3869 1794 3934 eti-

402 3987 456 4032 sm
479 3971 543 4031 hoc
564 3972 640 4033 loco
658 3969 829 4058 gratuito
851 3973 924 4034 sine
946 3975 1100 4036 mercede
1121 3984 1153 4036 et
1174 3973 1315 4056 praemio
1336 3971 1529 4056 significare
1557 3980 1591 4036 et
1616 3993 1795 4057 compara·

401 4075 449 4138 vit
471 4075 585 4138 locum
605 4075 644 4136 in
665 4077 757 4139 Orat.
775 4075 959 4138 Phil.Hist.
982 4077 1078 4162 Frag.
1102 4098 1128 4137 t.
1145 4099 1191 4155 ¹9·
1205 4099 1239 4159 p.
1249 4093 1317 4136 aaa.
1326 4079 1423 4139 Tom.
1442 4079 1467 4143 1.
1489 4072 1796 4160 abimalasprae·

401 4177 475 4242 mia
496 4187 699 4262 sequuntur
718 4174 946 4269 haudfacile
966 4173 1156 4261 qaisquam
1171 4176 1340 4268 gratuito
1361 4180 1477 4244 bonus
1497 4191 1561 4244 est.
1582 4181 1640 4244 cui
1657 4181 1795 4244 simitu.
