4106 4974
1585 402 1662 483 ²0⁷

264 574 334 643 diis
353 574 426 658 ejus
448 575 591 644 nomine
610 577 748 642 decreta
766 578 835 659 est,
846 573 958 658 cuod
972 569 1098 638 urbem
1119 563 1311 662 ιἰιοιπᾰίᾳ,
1339 563 1557 660 caedeciees,
1573 572 1666 642 Jto·

263 680 352 748 lt'am
373 681 466 748 bello
480 679 676 748 liberasset.
698 681 759 746 cfr.
780 682 841 748 Or.
855 682 885 744 ὅ.
900 679 939 745 in
960 681 1031 745 Cat.
1051 699 1081 746 c.
1099 681 1129 745 6.
1149 681 1246 763 quod
1266 677 1408 762 quidem
1419 677 1483 742 ulti
1496 677 1665 766 Ciceroni,

261 787 330 853 civi
342 795 475 874 togato,
495 787 696 875 contigerat.
720 784 968 878 Gravissimum
978 787 1047 858 hcc
1061 783 1240 850 Ciceronis
1249 781 1388 849 virtutis
1402 782 1667 852 testimonium

259 893 409 957 Salustic
428 891 569 957 silentio
588 891 854 978 pretermissum
876 897 942 976 est,
961 890 1011 954 ita
1030 898 1086 975 ut,
1106 889 1261 973 qucjure
1273 908 1335 953 suc
1348 888 1468 955 Cicero
1477 890 1667 956 exsultabat

260 997 375 1063 laudis
387 997 577 1083 preconio,
596 1017 712 1061 rerum
731 993 905 1081 scriptor,
924 1003 1091 1079 quantum
1112 995 1151 1058 in
1173 1014 1215 1059 eo
1232 993 1318 1078 tuit,
1339 993 1512 1059 oblivioni
1521 996 1667 1062 dederit.

259 1102 395 1167 Dixerit
414 1101 558 1190 aliquis,
582 1101 721 1176 ‚nullam
740 1101 845 1182 hujus
864 1101 916 1167 rei
935 1120 956 1166 a
975 1099 1124 1166 Salustio
1144 1097 1250 1164 tuisse
1269 1098 1426 1163 relictam
1445 1101 1667 1190 memoriam,

260 1207 344 1290 quia
355 1227 467 1289 neque
483 1209 527 1270 ad
537 1205 797 1288 conjuratorum
807 1204 976 1291 consilia,
998 1224 1112 1288 neque
1131 1207 1176 1269 ad
1190 1204 1440 1288 rempublicam
1458 1207 1668 1294 pertineret,

260 1331 337 1392 quae
346 1310 385 1373 in
395 1310 569 1376 Ciceronis
582 1311 721 1376 laudem
737 1318 890 1376 asenatu
910 1313 1046 1376 decreta
1065 1308 1209 1384 fuerint,
1226 1311 1346 1393 Neque
1366 1318 1577 1398 egestatuo,
1596 1311 1668 1378 nisi

259 1413 327 1479 hcc
344 1415 456 1482 literis
476 1418 676 1480 mandatum
696 1414 756 1503 sit,
776 1415 874 1481 istius
895 1415 1059 1502 temporis
1079 1415 1250 1483 rationem
1270 1415 1436 1502 explicari
1447 1435 1519 1479 non
1532 1416 1668 1500 potuis·

258 1535 305 1584 ae.
336 1526 421 1584 Cum
441 1528 556 1586 autem
576 1518 731 1585 dubitari
750 1539 823 1585 non
842 1520 968 1606 possit,
1001 1520 1089 1604 quin
1120 1520 1297 1586 Ciceronis
1324 1519 1496 1608 singulari
1519 1515 1667 1608 virtute,

259 1625 467 1712 constantia,
484 1625 608 1713 vigilia
619 1634 769 1709 curaque
788 1625 984 1712 respublica
1003 1634 1203 1692 conservata
1222 1623 1349 1712 suerit,
1367 1628 1425 1692 rel
1447 1625 1487 1691 in
1506 1626 1668 1696 breviore

258 1735 329 1793 tam
349 1729 474 1795 atrocis
498 1729 637 1798 sceleris
658 1729 857 1796 narratione
883 1751 957 1796 nou
977 1731 1168 1797 omittenda
1187 1730 1343 1816 bierunt,
1373 1732 1501 1813 quibus
1529 1740 1670 1800 senaim

256 1835 455 1901 testificatos
475 1844 539 1920 est,
558 1837 735 1903 consulem
755 1835 887 1922 optime
907 1839 952 1903 de
963 1837 1151 1922 'republica
1164 1855 1236 1904 esse
1256 1835 1430 1908 meritum.
1464 1837 1590 1902 Parum
1609 1855 1669 1904 ao·

257 1945 374 2008 curate
394 1941 500 2005 ctiam
519 1943 588 2007 hoc
607 1941 795 2028 scriptum,
822 1944 918 2026 quod
948 1943 992 2008 de
1012 1941 1190 2008 Ciceronis
1217 1941 1392 2029 oratione,
1415 1941 1454 2006 in
1474 1951 1593 2008 senatu
1622 1946 1668 2010 de

256 2044 443 2126 conjuratis
461 2046 599 2132 habita,
627 2046 720 2111 nihil
746 2045 883 2114 dixerit.
922 2049 1005 2133 Fac,
1024 2047 1118 2114 enim
1141 2068 1212 2111 ncn
1236 2048 1385 2112 multum
1402 2049 1452 2112 ad
1469 2055 1667 2112 senatorum

254 2149 468 2243 veluntatem
477 2155 677 2216 mutandam
687 2152 898 2239 valuisse,id
907 2161 998 2217 certe
1008 2150 1140 2216 studuit
1152 2151 1287 2237 Cicero,
1302 2159 1342 2215 ut
1351 2171 1433 2218 cura
1444 2152 1669 2218 suisuomm-

256 2273 325 2336 que
355 2255 512 2332 omissa,
546 2259 643 2338 quod
670 2256 819 2322 maxime
845 2257 1064 2342 erepublica
1091 2264 1205 2342 esset,
1240 2259 1474 2322 decernerent.
1505 2257 1668 2338 Accedit,

255 2363 351 2444 quod
372 2363 458 2426 Cato
478 2359 518 2425 in
537 2359 695 2426 oratione
714 2360 891 2430 Ciceronis
910 2357 1114 2448 sapientiam
1136 2369 1171 2428 et
1199 2359 1406 2427 industriam
1426 2363 1569 2428 summis
1588 2363 1668 2428 lau-

255 2465 358 2530 dibus
379 2466 419 2531 in
437 2467 575 2532 coelum
593 2467 770 2533 extulerat.
791 2467 879 2554 (Cic.
894 2469 956 2553 lip.
970 2468 1039 2531 dtt.
1057 2489 1104 2532 ta.
1116 2468 1192 2552 aa.)
1209 2487 1295 2552 quas
1317 2469 1461 2553 quidem
1479 2469 1600 2536 laudes
1620 2487 1669 2536 ae-

168 2653 172 2662 ,
255 2589 325 2654 qne
349 2591 389 2636 ac
410 2573 548 2639 cesaris
566 2573 819 2640 accusationem
838 2593 862 2638 a
886 2572 1036 2638 Salustio
1065 2592 1138 2639 esse
1168 2573 1442 2660 omissam,jam
1467 2561 1669 2660 suprame-

253 2685 426 2743 moratum
445 2687 510 2744 est.
536 2679 621 2768 Qun
641 2700 720 2744 cum
739 2680 887 2767 indigns
905 2679 1062 2745 statuerit
1083 2678 1270 2765 Salustius,
1290 2699 1369 2766 que
1394 2680 1669 2768 illustrarentur,

252 2783 382 2846 mirum
402 2792 440 2849 te
456 2803 531 2848 non
546 2783 715 2871 babebit,
743 2788 840 2868 quod
860 2805 932 2850 non
954 2785 1146 2850 accuratius
1165 2787 1377 2872 exposuerit,
1395 2786 1556 2870 plebem,
1572 2792 1672 2870 post·

197 2928 202 2936 ι
253 2907 358 2971 qnam
379 2890 423 2952 de
442 2889 631 2968 conjuratis
646 2889 856 2974 supplicium
878 2899 1051 2974 sumptum
1071 2887 1197 2976 inerit,
1224 2890 1352 2976 gaudio
1373 2890 1556 2954 exsultasse
1585 2887 1668 2974 (cir.

253 2992 343 3057 Plut.
363 2991 437 3058 Cic..
454 2981 527 3077 cap.
545 2992 621 3077 aa.)
641 3001 745 3078 atque
765 2993 989 3080 Ciceronem,
1006 3015 1085 3058 cum
1106 2995 1284 3080 Metellus,
1304 2993 1613 3079 tribunusplebis,
1633 2999 1669 3060 et

253 3097 366 3164 Gaesar
382 3105 508 3184 pretor
527 3097 718 3182 plurimum
738 3099 812 3180 ejus
831 3099 995 3162 laudibus
1015 3100 1262 3184 obtrectarent,
1282 3117 1303 3160 a
1316 3097 1445 3162 Catone
1458 3106 1591 3183 patrem
1606 3116 1668 3182 pa·

252 3203 328 3270 trie
347 3202 454 3270 inisse
473 3203 698 3291 appellatum.
716 3203 777 3268 alr.
795 3203 974 3270 Plut·cic.
995 3223 1069 3288 cap,
1087 3205 1137 3266 ad.
1156 3202 1226 3267 Dio
1247 3209 1335 3273 Cass.
1356 3207 1469 3286 lpas.
1493 3201 1587 3290 (Cic.
1604 3205 1667 3290 Ep.

251 3309 330 3374 Dir.
346 3311 375 3374 ⁵.
395 3316 445 3390 t.)
466 3311 551 3398 Quae
571 3309 690 3375 omnia
710 3309 742 3376 si
761 3309 994 3396 reputareris,
1012 3309 1066 3373 nil
1081 3309 1228 3392 'quidem
1241 3307 1320 3373 falsi
1338 3328 1360 3372 a
1371 3309 1520 3373 Salustio
1534 3308 1667 3402 dictum

252 3435 324 3484 ease
344 3423 490 3503 statues,
505 3416 616 3481 multa
636 3415 751 3483 auterri
771 3417 918 3501 omissa,
935 3435 1031 3501 que,
1051 3414 1185 3480 etiamsi
1206 3413 1326 3500 paucis
1344 3417 1410 3480 bac
1431 3417 1531 3481 dere
1551 3414 1672 3479 absol·

249 3539 331 3589 vere
340 3525 371 3586 ei
382 3519 518 3586 animus
528 3519 614 3608 tuit,
631 3521 893 3588 commemorari
904 3529 1079 3607 poterant.
1094 3521 1271 3585 iudicium
1280 3521 1352 3602 ejus
1359 3521 1534 3608 integrum
1547 3529 1582 3585 et
1590 3543 1672 3586 omo

252 3626 291 3690 ni
297 3627 541 3694 malevolentia
557 3637 591 3694 et
603 3628 853 3694 obtrectatione
866 3626 970 3692 luisse
978 3626 1150 3712 liberum,
1165 3627 1260 3690 baud
1272 3626 1665 3714 negaverim,sedqnod

251 3735 418 3816 quasdam
434 3733 638 3797 inimicitias
659 3755 741 3798 cum
758 3733 926 3796 Cicerone
943 3739 1162 3811 exercuerat,
1181 3749 1535 3814 eorumquemoresac
1550 3729 1668 3794 studia

250 3836 654 3925 inerunt-dissimillima,
668 3835 770 3902 facile
779 3837 855 3902 fieri
870 3835 1008 3922 potnit,
1020 3845 1058 3900 ut
1074 3837 1118 3900 de
1136 3835 1313 3900 Ciceronis
1329 3835 1433 3898 rebus
1448 3833 1565 3899 minus
1572 3843 1670 3902 recte

251 3943 747 4032 existimaret,eandemqueoh
765 3939 1670 4028 causantjcjuniusatqneinfirmiasdeiisexponeret.

225 4081 228 4088 ,
250 4049 355 4114 Aliud
367 4051 536 4137 enimest,
555 4050 702 4116 consilio
725 4051 768 4114 de
783 4047 928 4129 alicujus
942 4047 1104 4111 laudibus
1124 4049 1303 4113 detrahere
1324 4045 1665 4142 atqueveritatemin

251 4157 409 4244 flectere,
427 4157 526 4223 aliud
538 4157 690 4244 partium
700 4154 816 4224 studio
830 4154 1154 4222 accacaturnminus
1168 4163 1284 4221 accede
1304 4153 1342 4220 in
1355 4175 1392 4222 re
1402 4154 1521 4237 aliqua
1532 4151 1666 4219 videre.
