4116 4970
381 594 503 652 statio.
526 590 677 650 cetemm
691 587 856 671 psallere
883 586 981 652 vario
1011 565 1127 647 modo¹
1140 579 1321 668 explicant.
1346 583 1488 670 proprie
1509 589 1559 648 est
1581 583 1710 650 fidibus
1735 605 1794 650 cs-

384 701 483 777 nete,
504 691 566 754 otr.
588 691 676 756 Geli.
700 713 747 773 19.
770 715 800 774 9.
823 689 889 778 qai
906 698 1081 759 canerent
1103 709 1203 770 voce,
1224 696 1260 753 et
1281 687 1346 772 qul
1358 691 1574 773 psallerent.
1592 691 1674 754 'Cio
1696 692 1797 756 Catil.

382 817 408 861 s.
424 818 471 860 ιο.
494 804 648 862 cantare
666 805 701 862 et
714 799 887 881 psallere.
915 777 1092 886 propriam
1113 793 1402 882 significationem
1422 795 1527 859 etism
1548 797 1713 861 hocloco
1734 798 1799 862 ob·

383 905 493 968 tinere
512 905 721 988 putaverim,
745 904 931 968 *confirmat
951 905 1071 996 Horat.
1094 903 1160 965 Od.
1181 905 1213 966 3.
1234 904 1262 968 6.
1285 903 1333 964 26.
1355 901 1486 966 Motus
1513 899 1639 965 doceri
1655 903 1795 991 gaudet

382 1005 559 1094 Jonicos,
584 1017 735 1074 motura
756 1007 858 1098 virgo
877 1045 922 1062 -
942 1010 1049 1075 decus
1071 1007 1095 1082 ί.
1111 1029 1138 1070 e.
1160 1005 1376 1073 existimatio.
1398 1005 1460 1074 cir.
1471 1005 1548 1092 lug.
1562 1023 1592 1083 4.
1616 1009 1797 1072 decusat·

384 1125 453 1198 'que
472 1113 677 1180 libertatem
695 1112 916 1205 gratificari.
938 1114 1007 1178 Cic.
1027 1115 1071 1177 de
1092 1106 1160 1176 Off.
1183 1133 1211 1176 ι.
1235 1114 1265 1175 5.
1285 1113 1328 1176 de
1348 1111 1424 1174 sin.
1443 1131 1476 1176 a.
1491 1127 1537 1190 14.
1574 1111 1791 1178 decerneres.

384 1231 425 1284 ox
446 1229 496 1285 tot
516 1221 621 1285 Codd.
643 1219 772 1284 Italicis
792 1243 889 1284 unus.
910 1223 996 1288 Ven.
1011 1235 1044 1296 4.
1065 1219 1190 1303 habet,
1211 1225 1246 1282 et
1265 1217 1295 1280 is
1316 1217 1457 1301 quidem
1479 1235 1521 1281 cx
1542 1217 1794 1288 emendatione.

383 1346 547 1392 cerneres
568 1330 659 1390 Med.
674 1347 700 1388 1.
732 1311 946 1392 dicerneres.
965 1327 1058 1391 Med.
1078 1303 1109 1388 3.
1150 1327 1212 1389 sed
1232 1324 1320 1393 mihi
1342 1323 1482 1409 quidem
1502 1323 1541 1388 in
1563 1325 1706 1408 antiquo
1727 1314 1797 1390 ser*-

386 1451 489 1498 mone
511 1431 555 1496 de
574 1439 609 1498 et
632 1431 673 1496 dl
690 1437 836 1498 eandem
856 1433 928 1498 iere
940 1431 1013 1496 rim
1033 1431 1196 1495 habuisse
1215 1429 1387 1498 ridentur.
1407 1428 1467 1494 cir.
1476 1429 1569 1493 infra
1590 1430 1748 1494 delectus
1761 1437 1796 1496 et

383 1534 554 1623 dilectus,
584 1534 708 1629 defluo
730 1547 764 1602 et
784 1538 937 1622 difflu03
964 1538 1205 1620 obloquuntur
1230 1535 1372 1619 quidem
1392 1535 1528 1618 antiqui
1547 1535 1788 1619 Grammatici,

385 1643 448 1727 qui
467 1643 594 1728 passim
614 1648 658 1708 de
679 1643 880 1710 discrimine
897 1647 1083 1712 verborum
1103 1663 1182 1709 com
1204 1643 1301 1707 dect
1323 1641 1364 1708 di
1381 1642 1648 1727 compositorum
1676 1642 1797 1725 dispu-

387 1757 470 1815 tent.
490 1752 584 1816 Serv.
602 1753 647 1814 ad
667 1752 753 1816 Aen‘.¹
766 1773 793 1818 ι.
805 1769 835 1815 a.
856 1753 907 1816 28.
925 1752 1048 1842 Agrset.
1068 1771 1104 1836 p.
1126 1749 1218 1814 1³⁵2.
1237 1765 1309 1833 seq.
1318 1749 1441 1814 isidor.
1459 1767 1488 1813 o.
1509 1763 1558 1824 14.
1578 1747 1694 1833 origg.
1716 1751 1797 1832 pegi

386 1861 477 1938 ¹⁰7³·
507 1857 569 1920 Ed.
590 1855 795 1920 Gothofrcd.
814 1859 902 1920 Non.
922 1859 1008 1920 Mar.
1030 1873 1060 1934 4.
1084 1857 1151 1922 sss.
1177 1857 1240 1920 sed
1260 1877 1282 1921 a
1300 1855 1387 1920 meis
1406 1853 1563 1940 partibus
1594 1857 1659 1915 stet
1692 1841 1798 1915 Nori-

386 1961 458 2026 ‘sius
479 1963 666 2046 cenotaph.
681 1962 748 2025 Pis.
759 1978 838 2047 pop.
852 1963 1027 2038 ros-160.
1042 1963 1103 2028 Ed.
1124 1961 1249 2026 Harles
1265 1961 1354 2043 ι766.
1366 1957 1571 2025 discernere
1589 1964 1682 2023 certe
1692 1955 1797 2022 etiam

381 2069 475 2154 apud
494 2068 582 2132 alios
602 2069 784 2153 scriptores
807 2067 856 2130 ita
865 2066 1018 2151 positum
1038 2076 1108 2154 est,
1126 2075 1166 2130 ut
1186 2067 1292 2132 etiam
1313 2065 1507 2130 decernere
1524 2063 1612 2150 poni
1631 2061 1794 2147 potuerit.

378 2172 439 2241 olr.
458 2175 536 2242 Tac.
557 2174 680 2238 Annal.
700 2176 729 2238 6.
744 2174 773 2234 6.
794 2171 898 2236 haud
915 2169 1158 2240 discreverim.
1181 2175 1266 2247 Caes,
1284 2174 1321 2235 B.
1342 2171 1414 2236 civ.
1437 2191 1464 2234 ι.
1478 2171 1528 2235 23.
1546 2163 1796 2258 nequesuijn·

383 2275 474 2344 dicii
492 2299 566 2344 esse
594 2277 806 2344 discernere.
826 2273 924 2368 suit,
950 2281 1131 2344 confirmat
1150 2269 1323 2346 Eichhoff.
1350 2272 1476 2340 lubido
1489 2276 1580 2338 hono
1610 2271 1797 2337 lectionem

381 2384 487 2470 pauci
507 2385 647 2473 quidem
669 2384 754 2448 libri
774 2393 915 2448 tuentur
945 2385 964 2466 (
973 2386 1078 2448 ctiam
1107 2387 1192 2449 Cod.
1212 2383 1357 2467 Rost.);
1386 2381 1448 2448 sed
1467 2382 1562 2445 haud
1582 2379 1689 2444 dubie
1708 2397 1797 2464 pre·

381 2489 545 2568 stantior3
569 2491 677 2552 altera
697 2512 719 2552 a
739 2490 892 2553 librariis
898 2489 1055 2588 ¹conficta,
1075 2509 1144 2574 qua
1165 2487 1385 2556 insolentiam
1407 2485 1673 2552 constructionis
1707 2483 1798 2550 mol·-

302 2599 303 2602 ’
384 2593 501 2660 licent.
520 2601 655 2672 petere.
680 2593 741 2656 cir.
769 2593 925 2676 Propert.
950 2609 980 2659 2.
1004 2596 1051 2654 16.
1073 2609 1123 2674 27.
1137 2615 1249 2677 quum
1271 2597 1307 2658 te
1326 2601 1403 2656 tarn
1424 2589 1536 2656 multi
1546 2597 1732 2676 peterent,
1751 2589 1796 2652 tu

267 2756 272 2771 ,
388 2719 446 2762 me
465 2717 540 2760 uno
555 2691 696 2780 petisti.
720 2696 789 2759 Cic.
810 2696 926 2771 Pison,
948 2697 1097 2762 admon
1118 2693 1229 2788 fugit
1249 2696 1329 2788 ejus
1347 2695 1570 2794 amicitiam,
1592 2715 1674 2761 oum
1703 2699 1798 2759 esset

381 2798 602 2888 praesertim
625 2799 820 2886 appetitus.
839 2799 957 2866 Senes.
978 2802 1103 2868 Medea
1122 2822 1154 2866 r.
1178 2805 1248 2872 218.
1284 2802 1466 2868 Petebant
1485 2811 1574 2867 tunc
1594 2821 1692 2866 meos
1712 2799 1797 2864 tha·

381 2911 500 2974 lomes
516 2902 642 2993 proci,
665 2913 730 2990 qul
748 2930 848 2973 nunc
865 2909 1056 2992 petuntur.
1076 2945 1121 2964 -
1138 2909 1250 2994 fidem
1275 2912 1435 2993 prodere
1454 2909 1475 2972 i.
1505 2930 1536 2974 e.
1554 2908 1702 2993 violare,
1728 2905 1797 2972 fol·

380 3016 461 3080 lere.
482 3035 601 3100 oppos.
620 3013 726 3078 fidem
746 3033 899 3100 serrare,
926 3014 1110 3079 exsolvere.
1145 3015 1251 3079 fidem
1271 3003 1416 3101 perdere
1436 3016 1577 3080 Plautus
1597 3013 1721 3099 sapius
1740 3009 1796 3076 di-

379 3121 439 3188 sit.
472 3121 655 3203 'scdfidem
674 3122 834 3203 prodere
854 3123 939 3186 benc
958 3141 995 3187 se
1016 3123 1132 3186 habet.
1165 3125 1313 3207 prodere
1333 3124 1427 3192 enim
1456 3130 1506 3187 est
1525 3121 1657 3208 perfide
1677 3137 1795 3206 agere,

383 3225 514 3289 fallere.
539 3222 781 3314 praecipitem
802 3223 907 3289 obire
932 3261 976 3279 -
994 3223 1237 3309 praecipitem
1258 3226 1431 3307 repellere
1450 3231 1487 3287 et
1499 3223 1708 3306 propellere
1727 3220 1788 3282 he·

381 3333 442 3394 bes
463 3331 555 3413 apud
576 3331 737 3394 Plautum
757 3329 848 3390 liud.
870 3334 899 3391 3.
920 3333 951 3392 3.
973 3331 1004 3396 8.
1042 3326 1284 3412 praecipitem
1306 3311 1423 3392 trahi.
1446 3329 1567 3393 Pseud.
1586 3350 1612 3390 t.
1633 3325 1662 3390 5.
1682 3345 1733 3407 79.
1755 3324 1794 3388 in

382 3435 438 3498 his
470 3433 704 3496 locutionibus
731 3431 900 3496 fecerim
932 3443 965 3496 et
991 3433 1250 3499 festinationem
1280 3433 1450 3519 exprimit.
1479 3433 1538 3498 cfr.
1569 3433 1643 3502 Lir.
1666 3447 1721 3511 41,
1745 3449 1792 3496 ro.

374 3557 552 3624 praeceps
572 3534 612 3598 in
629 3532 859 3619 provinciam
880 3533 984 3599 obiit.
1003 3541 1064 3601 sed
1085 3539 1168 3620 quia
1180 3561 1356 3624 praeceps
1376 3541 1517 3625 proprie
1529 3541 1657 3605 dicitur
1676 3539 1716 3622 is,
1729 3533 1793 3620 qui

381 3645 419 3709 in
441 3651 541 3728 caput
562 3645 722 3708 deorsum
744 3647 778 3704 et
797 3640 955 3704 celeriter
973 3641 1103 3728 fertur,
1128 3641 1274 3730 figurate
1294 3645 1320 3710 ii
1337 3644 1561 3730 praecipites
1589 3643 1645 3710 ire
1669 3645 1794 3709 dicun·

380 3759 453 3833 tur,
473 3749 594 3831 quiex
614 3748 759 3813 meliore
779 3743 867 3811 statu
887 3746 926 3811 in
951 3745 1159 3842 deteriorem
1178 3752 1394 3836 perveniunt.
1415 3753 1490 3815 Lis.
1511 3775 1537 3815 ι.
1551 3767 1601 3828 so.
1622 3747 1793 3839 si-reg-

382 3873 522 3917 num-
534 3873 709 3938 praeceps
731 3854 814 3918 inde
826 3874 947 3938 porro
968 3856 1022 3919 od
1042 3853 1194 3922 servitio
1222 3859 1377 3922 coderet.
1400 3845 1450 3934 ai.
1471 3879 1502 3939 7.
1543 3855 1669 3922 omnia
1688 3853 1727 3919 in
1748 3875 1792 3919 eo

376 3954 600 4044 praecipitia
621 3961 671 4021 od
691 3956 828 4022 exitum
840 3954 1014 4049 fuerunt.
1027 3981 1078 4045 27.
1091 3981 1143 4045 27,
1166 3960 1204 4026 in
1220 3980 1398 4046 praeceps
1417 3963 1506 4042 dare
1518 3959 1790 4045 rempublicam.

381 4063 509 4150 praefat.
532 4068 610 4124 tum
632 4059 687 4126 ire
708 4061 894 4146 coeperint
909 4064 1131 4150 praecipites
1152 4067 1308 4150 (mores)
1335 4067 1396 4130 cfr.
1416 4064 1513 4132 infra*
1526 4073 1576 4132 δι.
1607 4061 1793 4150 praecipi-

273 4182 276 4190 '
381 4181 451 4234 tem
461 4163 535 4260 ogi.
555 4169 693 4253 Jugse.
716 4167 915 4234 ambitione
930 4168 1171 4256 praecipitem
1193 4167 1286 4236 dori.
1306 4171 1409 4236 houd
1425 4173 1622 4238 absurdum
1636 4171 1660 4234 i.
1674 4191 1702 4251 ς.
1717 4189 1790 4234 non

385 4275 563 4360 ineptum,
592 4273 749 4358 facetum.
772 4274 831 4340 clr.
857 4277 934 4341 Tac.
950 4273 1045 4342 dnn.
1067 4278 1186 4353 1³45.
1226 4295 1345 4344 sermo
1366 4277 1480 4346 comis
1500 4301 1567 4344 nee
1588 4277 1789 4342 absurdum
