4108 4976
1574 385 1647 488 323
1685 359 1688 366 ⁴

237 609 440 694 interpretes
457 609 504 671 ed
524 606 617 670 bunc
638 601 806 685 loquendi
825 618 926 665 usum
951 596 1193 683 explicandum
1218 597 1549 689 muniandamque,
1582 609 1644 673 scd

237 715 422 779 maximum
449 725 580 798 partem
608 709 735 774 eliens.
762 707 905 793 propius
922 709 966 770 ad
985 712 1140 768 nostrum
1167 703 1282 768 locum
1310 711 1475 773 accedunt
1509 712 1645 778 Terent.

235 820 376 884 Andria.
398 842 428 888 r.
446 823 476 883 ⁵.
502 815 613 882 etiam
632 835 731 880 nunc
751 809 843 877 miti
860 809 1002 896 scripta
1022 808 1089 874 itta
1111 806 1211 874 dicta
1231 820 1318 875 sunt
1338 809 1378 876 in
1397 809 1647 910 animoclwy.

238 921 338 1010 sides.
351 922 619 990 SenecaPraefut.
632 921 671 984 in
686 943 711 982 1.
723 921 883 983 controv.
902 936 1144 1000 supervacuos
1152 910 1224 980 sibi
1220 906 1371 1002 fecerat
1391 915 1551 1006 codices,
1569 920 1648 1014 aje.

242 1030 306 1094 bat
325 1051 364 1094 se
383 1027 541 1095 scribere
559 1023 598 1090 in
622 1021 758 1091 animo.
786 1021 947 1107 Sophocl.
977 1021 1158 1086 Philoclel.
1183 1023 1270 1086 1356.
1306 1023 1364 1094 nel
1392 1024 1512 1126 ,piem
1538 1033 1649 1128 φρήν

239 1133 306 1208 ies.
325 1134 484 1219 Aeschyl.
505 1131 703 1213 Prom.·788.
721 1126 900 1228 imperioso
929 1124 968 1198 rei
986 1125 1137 1214 μνήμοσιν
1156 1125 1266 1204 linteae
1286 1133 1408 1229 operris.
1427 1132 1648 1216 potissimum

242 1249 357 1306 aulem
378 1239 513 1302 Gallim.
533 1241 663 1324 Hymn.
686 1239 803 1318 V1.57.
826 1233 940 1320 η’μως
959 1227 994 1303 ll
1014 1227 1121 1303 κακὴ
1140 1231 1303 1332 ι’φςῶψαῦο
1322 1234 1429 1320 φωνάν.
1462 1238 1530 1302 sed
1554 1243 1648 1324 apud

242 1347 401 1410 latinum
417 1345 618 1428 scriptorem
638 1343 778 1407 vixdum
799 1342 914 1406 locum
934 1339 1117 1426 inveneris,
1136 1339 1200 1404 ubi
1220 1341 1429 1427 perscribere
1447 1342 1547 1408 nullo
1567 1345 1649 1410 sub-

241 1451 389 1517 stantivo
411 1449 546 1532 addito,
568 1449 696 1511 dictum
717 1447 761 1511 sit
780 1467 860 1532 pro:
889 1447 1066 1510 mandare
1081 1445 1471 1514 memoriae-eodem
1492 1447 1649 1540 regredi·

244 1564 317 1621 tur.
330 1556 378 1622 itu
391 1555 535 1640 plurimi
554 1553 650 1637 libri,
671 1553 827 1635 equibus
838 1555 923 1619 Ven.
937 1567 966 1628 4.
985 1553 1060 1618 Vat.
1078 1572 1105 1615 r.
1118 1569 1146 1615 2.
1160 1556 1189 1616 ³.
1204 1567 1233 1629 4.
1249 1555 1276 1618 5.
1296 1556 1387 1620 Med.
1403 1578 1430 1619 r.
1443 1554 1533 1620 Flor.
1550 1581 1575 1622 1.
1598 1559 1651 1624 ni-

241 1645 433 1727 hilominus
453 1659 712 1724 tamen-eadem
731 1657 984 1742 preferendum
1004 1676 1076 1720 esse
1096 1658 1197 1721 duco.
1238 1681 1311 1741 qua
1331 1656 1407 1744 ipse
1425 1664 1652 1731 ascenderat.

243 1769 334 1832 Med.
354 1789 380 1830 ι.
400 1786 429 1830 a.
445 1769 473 1829 8.
490 1787 537 1828 ιι.
557 1767 642 1832 Ven.
662 1785 687 1825 t.
701 1768 731 1825 3.
757 1761 960 1824 Teurinens.
988 1763 1063 1822 Vat.
1079 1781 1105 1820 r.
1121 1779 1150 1823 s.
1164 1778 1194 1839 4.
1217 1763 1302 1826 Min.
1320 1778 1348 1831 2.
1375 1786 1453 1828 cum
1474 1770 1581 1832 Codd.
1604 1777 1652 1835 le-

242 1872 405 1938 stimonia
424 1875 604 1953 fluctuent,
624 1865 766 1931 difficile
787 1874 851 1948 est,
871 1864 956 1929 certi
974 1864 1061 1946 quid
1081 1861 1244 1951 statuere,
1269 1868 1337 1932 nisi
1356 1872 1450 1951 quod
1466 1873 1652 1942 descende·

245 1986 309 2042 rat
330 1995 371 2042 eo
393 1975 607 2054 defenditur,
638 1973 733 2054 quod
753 1971 970 2035 ascenderat
988 1970 1093 2054 paulo
1114 1990 1217 2056 supra
1240 1973 1404 2068 scripulum
1432 1987 1491 2041 est.
1521 1983 1654 2045 castel-

244 2083 319 2146 lum
341 2090 530 2166 temptare.
555 2081 630 2145 Vel.
643 2095 672 2147 a.
693 2077 787 2140 baud
813 2081 1065 2142 contemnende
1091 2076 1329 2163 discrepantia.
1346 2080 1536 2164 pollicens.
1555 2085 1650 2150 Eich.

238 2185 425 2273 promissa
446 2185 533 2276 ejus.
553 2203 713 2270 pronum.
732 2183 826 2247 solus
846 2181 932 2246 Min.
947 2200 975 2246 2.
997 2202 1062 2246 om.
1080 2203 1272 2269 perperam.
1300 2193 1422 2250 tamen
1443 2191 1653 2272 paululum.

245 2301 368 2362 tamen
383 2313 451 2357 om.
472 2294 563 2356 Flor.
579 2309 607 2353 s.
622 2291 830 2375 paululum.
851 2290 942 2356 Med.
959 2289 988 2352 8.
1009 2283 1233 2372 animusque.
1255 2285 1324 2373 q'ue
1344 2310 1413 2356 om.
1433 2294 1522 2358 Flor.
1534 2312 1564 2366 2.

327 2401 407 2484 Cap.
428 2399 541 2465 XCIV.
570 2390 860 2479 compositisque.
889 2417 959 2479 que
982 2415 1050 2459 om.
1070 2393 1271 2464 Teurinens.
1281 2391 1444 2486 facilius
1452 2394 1571 2489 soret.
1592 2409 1652 2470 ad·

243 2505 338 2570 verb.
358 2523 421 2590 pro
441 2501 618 2583 adjectivo.
638 2503 719 2566 ride
739 2519 843 2586 supra
864 2524 892 2566 c.
903 2517 949 2580 14.
970 2510 1012 2566 ut
1034 2497 1150 2566 ubivis
1170 2497 1289 2566 tutius
1309 2523 1594 2574 essem-verum
1609 2520 1653 2578 eb

246 2605 456 2682 Numidica.
473 2631 515 2674 ea
534 2629 602 2674 om.
616 2606 819 2672 Taurinens.
834 2603 1011 2692 ponderis
1030 2603 1219 2672 minuendi
1233 2603 1374 2696 gratia.
1394 2612 1468 2676 Vct.
1484 2633 1510 2676 r.
1530 2611 1656 2683 simul-

247 2737 317 2800 que
341 2724 377 2782 el
407 2716 556 2798 offensa.
586 2716 661 2780 Vat.
679 2716 708 2779 5.
729 2716 803 2779 baec
823 2713 941 2779 omnia
959 2712 1164 2778 confirmant
1191 2713 1239 2799 id,
1258 2715 1353 2794 quod
1379 2716 1502 2800 saepius
1523 2717 1655 2787 dictum

248 2832 313 2907 est,
343 2841 447 2904 quarn
465 2821 562 2885 varie
582 2821 752 2886 Salustius
771 2842 792 2884 a
810 2820 965 2884 librariis
983 2826 1017 2883 et
1037 2817 1267 2904 grammaticis
1286 2817 1515 2904 interpolatus
1539 2825 1593 2888 sit.
1612 2865 1655 2882 .-

134 3001 144 3010 ,
249 2923 360 2990 dubia
380 2927 474 2991 nisu.
495 2925 621 2988 rectius
638 2944 703 3020 pro
724 2924 841 2988 dativo
863 2922 1010 3007 accipias
1032 2924 1176 3008 dictum,
1192 2943 1255 3011 pro
1277 2926 1323 2986 ad
1338 2925 1462 2990 nisum.
1483 2929 1657 2996 hocenirn

247 3029 395 3094 Saluslio
417 3030 687 3095 convenientius.
711 3025 946 3114 potissumus.
974 3027 1094 3106 adject.
1119 3049 1183 3113 pro
1212 3029 1374 3094 adverbio
1401 3030 1424 3093 i.
1444 3052 1473 3096 e.
1493 3035 1659 3124 maxime,

248 3155 319 3222 pree
342 3134 472 3201 celeris.
495 3131 577 3199 dein
597 3133 726 3198 rtatim
744 3129 955 3224 digrediens.
978 3135 1299 3198 borum·rerborum
1312 3139 1593 3205 sensusGortium
1602 3143 1658 3210 fu-

249 3241 550 3329 glt,quamobrem
561 3259 601 3305 ea
610 3238 782 3324 expunxit.
793 3242 853 3304 sed
863 3240 960 3304 falso.
971 3237 1102 3304 scilicet
1112 3243 1177 3304 hoc
1193 3241 1298 3327 Ligus
1314 3239 1433 3309 fecisse
1449 3245 1596 3335 videtur,
1610 3271 1655 3316 ne

151 3367 154 3372 ·
249 3347 483 3435 refrigesceret
491 3345 763 3430 animiimpetus,
771 3347 931 3430 adspectu
940 3345 1036 3410 illius
1044 3345 1196 3411 audacie
1204 3348 1374 3413 excitatus.
1383 3351 1566 3418 taliaenim
1576 3375 1657 3422 con·

249 3451 329 3519 silia
359 3451 475 3518 subito
511 3451 696 3537 capiuntur
720 3458 761 3515 et
792 3450 861 3514 nisi
887 3451 1066 3515 confestim
1095 3451 1224 3516 exitum
1253 3455 1398 3540 habent,
1438 3458 1658 3538 abjiciuntur.
1727 3511 1734 3522 .

250 3562 487 3642 multamque.
509 3579 577 3640 que
596 3543 664 3622 om.
691 3560 775 3624 Ven.
792 3577 819 3619 ι.
841 3551 1001 3621 intentos
1020 3556 1243 3623 habuerat'i.
1263 3578 1292 3624 e.
1314 3554 1488 3650 effecerat,
1513 3576 1552 3631 ut
1569 3591 1659 3655 pm.

206 3685 210 3692 ·
247 3666 301 3730 iio
322 3662 448 3728 intenti
468 3672 588 3728 essent.
606 3661 823 3750 Jugnrthae
841 3657 1039 3726 soevitiam.
1059 3662 1261 3728 Taurinens.
1283 3687 1360 3748 quae
1380 3669 1483 3733 lectio
1504 3691 1546 3736 ex
1561 3673 1657 3738 inso-

250 3769 359 3836 lentie
379 3767 546 3834 orationis
565 3776 649 3836 orta.
659 3762 824 3857 fundere
838 3768 1042 3852 plerosque,
1062 3769 1241 3832 sauciare.
1262 3772 1373 3838 Vati.
1394 3792 1469 3853 quse
1481 3775 1658 3861 scripture

251 3875 483 3959 discrepantia
502 3881 693 3940 memoratu
713 3871 933 3958 dignissima3
968 3893 1046 3935 cum
1066 3873 1213 3938 maxime
1233 3873 1324 3937 liber
1342 3875 1387 3938 sit
1405 3897 1424 3942 e
1443 3879 1658 3951 melioribus.

254 3980 382 4045 vadere
401 3979 637 4066 significanter
656 3977 797 4041 dictum.
818 3974 878 4040 cfr.
900 3977 993 4062 Virg.
1016 3980 1097 4042 Aen.
1114 3993 1143 4038 2.
1161 3982 1231 4045 223.
1247 3998 1319 4063 per
1341 3982 1433 4068 tela,
1447 4007 1517 4068 per
1537 3986 1657 4052 horter

248 4081 419 4150 'vadimus
437 4085 541 4149 haud
557 4079 703 4147 dubiam
726 4079 764 4146 in
785 4089 1190 4147 mortem-certantes
1210 4082 1233 4146 i.
1255 4101 1283 4147 e.
1303 4088 1469 4156 certatim.
1490 4087 1548 4155 Sic
1549 4087 1659 4181 sorte

215 4221 220 4228 e
243 4196 477 4256 correcta-
494 4185 639 4252 iavereit.
660 4187 699 4251 in
719 4189 782 4252 bac
798 4188 984 4252 verborum
1004 4188 1253 4273 compositione
1280 4193 1397 4257 omnia
1418 4191 1487 4258 lere
1508 4195 1659 4262 insolite.

253 4295 303 4360 lix
322 4294 450 4362 talibus
469 4293 556 4364 locis
575 4293 760 4382 intelligas,
779 4313 883 4379 quem
903 4302 1035 4362 remota
1054 4293 1099 4362 sit
1111 4293 1251 4361 Salustii
1271 4297 1381 4363 oratio
1402 4299 1573 4388 evulgari
1586 4321 1658 4369 ser-
1687 4361 1692 4370 .

1272 4411 1295 4452 lt
