4116 4970
400 392 450 484 tt

403 589 512 654 Oratt.
547 591 591 654 de
618 587 775 656 Catilina
800 589 872 654 rita
900 588 1059 676 exponit,
1091 607 1170 654 cum
1188 585 1287 654 brevi
1306 586 1458 668 ejusdem
1477 586 1530 652 rei
1550 585 1804 670 delineatione,

401 715 506 776 quarn
526 699 619 778 apud
638 695 824 758 Salustium
844 695 1001 782 legimus.
1030 697 1098 760 Sed
1116 697 1183 759 hoc
1203 695 1295 760 inter
1314 712 1434 758 ornnes
1452 695 1535 762 satis
1555 699 1702 774 constat,
1722 690 1805 752 nul-

399 801 473 862 lum
494 799 566 864 fere
585 799 830 864 historicorum
850 820 963 866 mores
982 801 1165 866 hominum
1182 799 1392 865 luculentius
1421 797 1578 863 oratione
1603 795 1803 882 expressisse

400 925 503 986 quarn
522 905 718 969 Salustium.

479 1011 604 1094 Notus
618 1006 714 1099 fuit.
742 1010 894 1076 Verbum
914 1009 1178 1097 substantivum,
1198 1011 1293 1092 quod
1314 1007 1450 1074 Cortius
1470 1007 1680 1092 improbavit
1699 1013 1803 1096 atque

400 1113 525 1197 ejecit,
553 1135 594 1178 er
614 1122 664 1177 tot
690 1113 819 1178 Italicis
838 1117 945 1177 Codd.
967 1133 1011 1178 ne
1031 1135 1121 1180 unus
1141 1115 1283 1198 quidem
1304 1113 1444 1193 omisit3
1472 1115 1533 1178 sed
1563 1120 1675 1176 notus
1709 1113 1804 1175 deest

402 1219 441 1282 in
455 1221 611 1295 Veneta.
630 1217 693 1282 ubi
713 1239 791 1281 cum
801 1213 887 1308 fuit
907 1239 1013 1282 manu
1032 1222 1181 1283 secunda
1202 1226 1375 1283 exaratum
1395 1216 1456 1300 sit,
1477 1224 1511 1280 et
1531 1213 1802 1278 aliumvooislo-

401 1347 480 1390 cum
504 1343 684 1407 occupasse
703 1323 878 1406 rideatur,
899 1324 1027 1404 aliquis
1046 1324 1156 1388 conii
1175 1323 1406 1402 conjecturam
1426 1325 1494 1387 hoc
1510 1321 1602 1384 libro
1623 1319 1802 1384 confirma·

397 1438 468 1492 tam
489 1430 595 1506 dicat3
614 1447 736 1512 parum
757 1436 848 1492 recte
867 1427 1002 1508 siquid
1021 1428 1144 1493 sentio.
1176 1431 1328 1496 Verbum
1349 1429 1444 1496 enim
1464 1407 1715 1492 substantivum
1734 1425 1801 1489 hoo
1882 1423 1886 1434 '

397 1535 477 1597 loco
505 1534 622 1598 abesse
649 1550 721 1595 non
749 1539 880 1616 potest,
907 1549 988 1594 nam
1014 1552 1118 1614 quem
1145 1533 1240 1597 Flori
1259 1533 1375 1598 locum
1403 1534 1523 1597 laudat
1543 1529 1698 1614 (lortius,
1728 1528 1800 1607 ejus

399 1637 469 1702 alia
489 1645 539 1702 est
558 1637 657 1701 ratio.
689 1637 810 1700 Florus
830 1637 925 1702 enim
945 1656 998 1702 res
1017 1646 1127 1723 gestas
1145 1638 1269 1704 leviter
1292 1637 1441 1725 attingit.
1477 1637 1541 1701 Cui
1560 1635 1707 1701 consilio
1727 1635 1800 1699 hac

399 1741 507 1806 dictio
528 1749 781 1826 consentanea,
800 1743 860 1808 sed
879 1743 918 1808 in
938 1741 1112 1827 principio
1132 1741 1333 1828 prolixioris
1353 1743 1521 1808 orationis
1539 1742 1683 1806 verbum
1698 1738 1801 1804 omit·

399 1849 427 1910 ti
446 1865 519 1910 non
539 1847 663 1932 potuit.
701 1847 925 1931 Transposuit
946 1849 1156 1913 Muelleruss
1175 1887 1193 1924 r
1206 1855 1243 1912 et
1263 1843 1431 1932 corporis
1440 1843 1536 1938 fuit.
1549 1846 1567 1886 ‘’
1593 1845 1708 1908 nescio
1729 1861 1799 1926 quo

397 1961 547 2018 auctore·
582 1948 722 2019 Varius
742 1951 802 2016 cir.
818 1951 888 2015 Cio.
906 1953 950 2016 de
969 1953 1045 2015 Fin.
1059 1955 1102 2016 II.
1120 1957 1150 2017 ³.
1169 1952 1260 2016 Plin.
1274 1955 1334 2036 Ep.
1348 1973 1375 2014 r.
1390 1954 1438 2014 ro.
1460 1949 1640 2038 ingenium
1655 1947 1800 2032 varium,

398 2057 570 2140 flexibile,
590 2057 786 2142 multiplex,
807 2056 902 2121 idem
923 2059 1018 2137 quod
1036 2056 1196 2121 versatile
1217 2060 1309 2140 apud
1319 2055 1491 2122 Liallist.
1511 2055 1574 2119 lib.
1594 2059 1644 2135 ³9·
1665 2073 1736 2139 cap.
1748 2069 1797 2129 40·
1819 2051 1823 2058 '

397 2159 504 2252 cujus
523 2160 581 2226 rei
598 2161 695 2227 libet.
734 2165 837 2226 Hunc
854 2161 1039 2227 verborum
1057 2161 1210 2248 positum
1236 2179 1281 2226 ne
1307 2181 1397 2226 unus
1416 2161 1557 2244 quidem
1577 2161 1684 2223 Codd.
1703 2157 1800 2222 Itali-

399 2287 518 2330 corum
538 2270 736 2354 confirmat,
765 2271 1108 2354 praeterquamquod
1136 2289 1227 2334 unus
1256 2269 1347 2332 Flor.
1368 2287 1398 2348 9.
1422 2263 1597 2359 cujusque
1614 2261 1701 2328 libet
1721 2257 1797 2338 rec‘‚·

397 2375 620 2454 quamobrem
631 2375 737 2438 Nonii
758 2375 996 2439 auctoritatem
1015 2383 1208 2458 suspectum
1229 2371 1407 2458 habueris,
1428 2371 1490 2454 qui
1505 2373 1599 2434 hunc
1611 2369 1796 2434 verborum

396 2479 555 2544 ordinem
576 2480 724 2545 exhibet.
762 2481 830 2545 Sed
857 2483 963 2548 Codd.
985 2482 1064 2546 Mos.
1085 2497 1158 2544 non
1177 2477 1340 2564 inspectis
1368 2476 1461 2541 nihil
1489 2474 1702 2540 mutaverim.
1742 2469 1798 2540 si-

397 2581 562 2647 mulator
582 2605 627 2648 oc
648 2581 914 2669 dissimulator,
934 2585 1100 2663 adJective
1121 2606 1165 2647 an
1186 2584 1397 2648 substantive
1415 2585 1483 2647 hoc
1503 2584 1581 2647 loco
1594 2581 1706 2667 posita
1719 2579 1797 2662 sint,

397 2686 626 2766 dubitavcris3
647 2685 738 2750 illud
758 2687 866 2774 magis
885 2689 1048 2772 poeticum
1070 2697 1103 2751 et
1116 2687 1236 2751 Tacito
1256 2688 1416 2773 inprimis
1433 2689 1614 2767 usitatum
1634 2708 1667 2750 v.
1683 2707 1710 2750 c.
1726 2685 1798 2748 bel·

396 2794 499 2857 lotor
519 2813 648 2878 equus,
669 2789 786 2858 victor
805 2788 988 2857 exercitus
1008 2801 1069 2856 etc.
1091 2793 1157 2858 Sed
1178 2793 1372 2857 Salustiano
1394 2794 1533 2860 dicendi
1547 2794 1667 2880 generi
1684 2792 1798 2857 minus

396 2907 680 2978 consentaneum
705 2919 783 2964 narn
815 2906 907 2962 amat
926 2898 988 2964 ille
1015 2897 1157 2982 quidem
1177 2899 1319 2984 antiqua
1338 2901 1443 2966 verba
1474 2909 1508 2966 et
1535 2908 1659 2964 certam
1689 2917 1799 2981 quan·

395 3005 476 3066 dam
498 3005 666 3070 sermonis
685 3005 961 3090 simplicitatem,
988 3007 1048 3068 sed
1069 3004 1199 3090 respuit
1217 3007 1361 3090 poetica,
1380 3024 1486 3087 qnare
1506 3015 1583 3090 post
1602 3000 1722 3070 varius
1743 3002 1797 3066 in·

397 3115 671 3194 terpungendum
700 3133 832 3178 censeo.
873 3111 1112 3193 Loquentioe.
1153 3110 1259 3174 Pauci
1287 3113 1394 3177 Codd.
1423 3109 1518 3193 iique
1547 3130 1668 3194 parum
1690 3109 1796 3172 firmae

396 3213 608 3274 auctoritatis
627 3234 667 3276 er
686 3215 771 3277 meis
786 3218 905 3277 Venet.
922 3232 951 3276 a.
972 3219 1066 3278 seda
1086 3236 1190 3278 manu
1212 3219 1371 3282 secunda.
1392 3219 1473 3280 Haec
1493 3216 1598 3279 lectio
1619 3236 1639 3278 a
1658 3213 1796 3281 Valerio

398 3317 513 3379 Probo
534 3315 675 3379 inventa
696 3334 766 3379 esse
785 3315 939 3398 videtur,
966 3317 1027 3396 qui
1047 3325 1184 3381 auctore
1203 3319 1243 3380 A.
1265 3319 1381 3382 Gellio
1410 3321 1472 3404 (N.
1494 3325 1529 3384 A.
1550 3323 1578 3394 Ι.
1603 3321 1677 3404 15.)
1704 3319 1754 3384 sic
1775 3339 1795 3382 a

395 3419 543 3483 Salustio
579 3409 731 3485 reactum
765 3417 972 3506 affirmavit,
1000 3421 1094 3505 quod
1125 3420 1314 3505 loquentiu
1340 3426 1499 3489 novatori
1525 3427 1709 3491 verborum
1736 3426 1797 3488 Sa·

394 3523 500 3587 lustio
521 3526 668 3590 maxime
689 3534 908 3610 congrueret3
933 3526 1131 3606 eloquentia
1151 3547 1229 3590 cum
1250 3527 1450 3613 insipientia
1471 3531 1614 3596 minime
1635 3528 1796 3596 conveni·

394 3641 457 3696 ret.
492 3631 647 3694 Huncin
667 3631 871 3696 sententiam
893 3629 997 3697 etiam
1016 3630 1174 3698 Plinius:
1203 3633 1329 3709 ,aliud
1349 3655 1422 3701 esse
1444 3635 1678 3718 eloquentiam
1699 3635 1794 3702 aliud

393 3737 625 3818 loquentiam”
645 3739 705 3823 Ep.
719 3741 748 3812 5,
764 3754 813 3800 ao.
832 3739 909 3801 Jam
930 3756 971 3803 ex
990 3734 1046 3801 his
1070 3737 1212 3824 colligas
1231 3739 1280 3802 ita
1295 3760 1367 3804 non
1378 3741 1542 3826 scriptum
1563 3743 1601 3805 in
1613 3743 1719 3805 Codd.
1738 3739 1795 3803 in-

394 3841 525 3905 venisse
545 3843 735 3931 Valerium,
756 3846 816 3909 sed
836 3847 929 3924 quod
948 3843 1115 3908 Salustius
1136 3845 1206 3909 alio
1226 3845 1305 3910 loco
1319 3849 1459 3929 loquar:
1474 3843 1591 3935 magis
1605 3867 1713 3928 quam
1723 3838 1794 3935 so·

396 3945 535 4008 candus
556 3947 705 4032 dixerat,
732 3949 883 4028 ejusdem
915 3949 1060 4034 originis
1079 3949 1327 4014 substantivum
1348 3951 1392 4012 ab
1414 3970 1456 4014 co
1474 3958 1675 4034 usurpatum
1689 3949 1793 4014 facisse

394 4049 582 4114 verisimile
603 4053 710 4115 duxit.
743 4054 891 4119 Accessit
912 4059 1004 4135 quod
1035 4055 1167 4120 rhetori
1187 4054 1370 4140 indignum
1398 4075 1469 4120 esse
1489 4055 1691 4139 videbatur,
1720 4055 1791 4122 elo·

388 4155 572 4237 ,quentiam
597 4156 772 4242 sapientie
802 4160 953 4246 opponi,
987 4165 1046 4225 sed
1065 4161 1231 4227 Salustius
1249 4160 1403 4246 vulgaris
1431 4151 1598 4226 sermonis
1619 4183 1718 4227 usum
1738 4181 1791 4229 se·

394 4270 491 4325 cutus
525 4273 584 4328 est.
636 4262 775 4327 Vastus
802 4265 946 4329 animus
975 4267 1135 4332 translate
1166 4266 1288 4353 ingens
1317 4267 1473 4352 nimius,
1515 4289 1548 4332 v.
1572 4289 1600 4331 c.
1631 4268 1791 4351 malum,
