4116 4970
328 475 337 488 ἱ
401 379 452 454 86

404 583 587 668 egestatem
607 569 780 634 sociorum
790 565 946 630 catilina
963 561 1153 648 expressius
1173 559 1389 626 describeret.
1410 555 1479 624 cic.
1493 545 1686 628 ‘Oratcatil
1705 584 1731 625 r.
1748 583 1797 630 ro.

405 727 421 760 ⁸
439 690 556 746 nactus
577 695 613 739 es
633 693 674 738 ex
691 669 836 756 perditis
851 678 954 750 atque
973 669 1016 730 ab
1038 669 1136 731 omni
1154 686 1226 730 non
1247 665 1351 730 modo
1371 661 1528 746 fortuna,
1553 683 1673 728 rerum
1693 665 1798 736 etiam

403 809 464 873 spe
484 777 655 847 derelictis
680 775 919 859 improborum
947 771 1124 836 manum.’'
1156 769 1316 854 quietam
1336 788 1367 830 r.
1380 788 1421 852 p.
1442 768 1533 835 Med.
1553 788 1584 848 9.
1606 771 1696 834 Flor.
1718 793 1747 836 ι.
1766 777 1798 838 8.

405 891 508 958 lectio
529 907 550 950 a
568 881 721 948 librariis
741 879 905 962 conficta,
918 877 1044 960 quibus
1067 876 1191 958 quieta
1203 895 1342 939 movere
1352 871 1559 938 insolentius
1574 872 1704 940 diottuu
1726 897 1799 944 esse

405 997 594 1063 videbatur.
623 1005 735 1068 neque
754 983 857 1047 facile
876 984 968 1066 apud
994 981 1103 1044 ulium
1132 979 1333 1064 scriptorem
1360 977 1462 1055 huius
1484 977 1672 1045 locutionis
1684 1001 1797 1048 exem·

405 1103 506 1188 plum
534 1079 717 1160 inveneris.
752 1108 891 1154 movere
920 1106 984 1170 pro
1016 1084 1170 1149 turbare
1204 1086 1297 1169 apud
1325 1085 1480 1147 Tacitum
1521 1084 1678 1167 aliosque
1717 1089 1798 1152 Hie-

406 1205 531 1270 toricos
548 1196 675 1284 passim
696 1190 853 1258 occurrit.
875 1187 935 1256 cfr.
948 1189 1071 1251 Annal.
1091 1192 1122 1251 3.
1143 1190 1194 1256 ia.
1215 1199 1317 1254 mota
1332 1183 1696 1280 Africa.Liv.35.1³,
1721 1192 1798 1276 qui.

405 1319 465 1374 eto
485 1306 616 1371 dictum
636 1307 675 1364 ut
694 1315 797 1380 supra
816 1315 886 1378 cap.
904 1309 954 1356 ao.
976 1287 1120 1356 incerta
1138 1296 1216 1379 lug.
1234 1298 1285 1357 32.
1300 1302 1459 1377 parata,
1480 1295 1599 1358 multa
1610 1339 1620 1370 ,
1648 1295 1797 1382 omnia,

406 1407 606 1495 impudica,
626 1422 719 1468 vana
746 1409 808 1464 etc.
837 1417 913 1480 quae
942 1398 1068 1482 passim
1098 1398 1306 1462 substantive
1338 1407 1554 1482 usurpantur.
1596 1399 1797 1485 composito

407 1514 567 1579 turbore.
587 1509 698 1570 Arum.
718 1503 865 1566 Marcell.
887 1503 934 1564 15.
956 1504 985 1563 5.
1017 1508 1052 1565 et
1076 1504 1182 1584 paulo
1209 1501 1301 1565 inira
1329 1505 1454 1584 quieta
1476 1503 1704 1586 perturbare.
1737 1505 1798 1568 cir.

407 1618 534 1682 Charis.
547 1637 575 1685 ι.
589 1634 624 1695 p.
638 1627 827 1690 27.merces
836 1605 860 1668 i.
868 1625 896 1668 e.
905 1603 1094 1689 praemium.
1116 1605 1175 1674 cir.
1190 1607 1267 1692 Jug.
1283 1609 1333 1671 85.
1346 1601 1495 1690 accepte
1506 1609 1666 1673 mercede
1680 1597 1798 1674 Horat.

407 1725 473 1786 Od.
488 1721 549 1782 111.
559 1739 587 1778 2.
597 1715 647 1785 25.
669 1717 722 1775 est
742 1717 778 1772 et
783 1705 897 1795 fideli
914 1711 999 1772 tuta
1017 1706 1166 1774 silentio
1188 1732 1332 1776 merces.
1352 1711 1413 1778 Sil.
1433 1711 1543 1776 Italic.
1564 1715 1609 1774 ι3.
1628 1713 1697 1774 663.
1719 1705 1799 1797 ¹r‘pscs

408 1821 548 1909 quidem
570 1816 685 1883 virtus
703 1809 845 1876 sibimet
858 1809 1109 1897 pulcherrima
1129 1834 1274 1877 merces.
1293 1851 1335 1866 -
1349 1816 1551 1897 postulare.
1570 1817 1659 1880 hanc
1678 1817 1800 1884 lectio-

406 1949 486 1992 nem
507 1945 578 1991 non
597 1923 710 1988 solum
730 1917 873 2003 optimi,
892 1920 952 1980 sed
972 1915 1076 1980 etiam
1096 1917 1239 2000 plurimi
1260 1921 1366 1983 Godd.
1387 1919 1602 1989 confirmant.
1621 1919 1726 2005 plane
1740 1941 1800 1987 eo-

405 2037 485 2096 dem
506 2031 610 2093 modo
630 2045 732 2110 supra
753 2042 825 2107 cap.
841 2037 888 2090 ια.
922 2018 1115 2084 infinitivus
1139 2021 1322 2086 historicus
1347 2022 1479 2106 positus
1499 2031 1559 2088 est.
1594 2045 1696 2106 quam
1716 2047 1800 2092 con·

404 2136 627 2202 structionem
648 2133 699 2196 ibi
718 2127 894 2194 insolitam
914 2145 986 2194 esse
1005 2145 1220 2212 monueram,
1245 2147 1285 2194 ea
1305 2129 1469 2193 hocloco
1490 2121 1801 2214 explicatur'atquo

406 2239 618 2332 defenditur3
633 2237 779 2301 tabulas
791 2253 902 2300 novas
915 2232 938 2296 i.
949 2251 980 2298 e.
995 2229 1045 2306 itis
1060 2232 1116 2306 Ίὸν
1135 2235 1237 2332 aperie
1255 2229 1421 2305 homnis.
1442 2227 1695 2320 intelliguntur⁴
1706 2237 1800 2301 enim

405 2345 549 2424 tabulae,
570 2342 632 2405 ubi
653 2359 719 2404 aera
738 2337 997 2421 perscribuntur
1016 2339 1173 2402 usuraria
1192 2349 1230 2402 ut
1260 2340 1399 2404 Plautus
1419 2337 1505 2402 dicit
1535 2339 1635 2402 Truc.
1657 2361 1685 2403 a.
1708 2363 1735 2408 r.
1751 2343 1799 2406 5³.

405 2451 442 2512 in
464 2449 519 2512 his
541 2447 635 2510 enim
656 2441 782 2507 tabulis
802 2443 953 2508 rationes
973 2443 1105 2527 accepti
1126 2451 1159 2506 et
1180 2443 1319 2527 expensi
1339 2451 1372 2508 et
1384 2443 1540 2526 pecunia
1553 2443 1801 2529 creditaeatque

405 2554 529 2616 debitae
548 2548 743 2632 perscriptae
763 2555 871 2617 erant.
898 2565 1004 2627 quare
1024 2547 1159 2609 tabulas
1181 2567 1285 2612 noras
1305 2545 1472 2612 conficere
1492 2567 1552 2614 seu
1571 2547 1744 2634 prolerre,
1763 2549 1800 2615 id

405 2665 456 2720 est
474 2653 671 2716 debitorum
690 2648 832 2712 nomina
852 2649 1076 2732 exstinguere.
1096 2648 1235 2717 clr.Cic.
1250 2651 1308 2718 Or.
1332 2650 1370 2713 in
1391 2653 1461 2714 Cat.
1472 2669 1499 2716 2.
1519 2655 1557 2733 ὃς
1584 2663 1621 2718 et
1635 2653 1800 2740 Heusing.

404 2762 448 2822 ed
458 2759 526 2820 Cic.
536 2748 604 2820 Off.
614 2770 642 2824 2.
659 2755 709 2814 23.
730 2751 964 2834 locupletum.
984 2753 1076 2816 Med.
1095 2753 1125 2816 5.
1146 2773 1239 2834 quoe
1248 2748 1342 2844 firt.
1363 2755 1471 2829 Cicer.
1490 2759 1551 2842 Ep.
1562 2760 1606 2821 ad
1625 2756 1703 2822 Dir.
1727 2781 1757 2832 a.
1770 2781 1801 2841 7.

404 2861 443 2927 in
466 2853 727 2926 honoratione
748 2851 838 2937 quid
853 2865 931 2940 res,
960 2852 1051 2938 quid
1077 2877 1209 2942 causo,
1241 2857 1331 2942 quid
1348 2858 1605 2953 tempusserat
1615 2885 1631 2940 ,·
1660 2871 1703 2928 tu
1718 2885 1802 2948 per—

403 2963 532 3051 spicies
551 2963 652 3029 Ovid.
668 2961 749 3027 Met.
766 2981 795 3028 r.
817 2983 844 3022 r.
853 2955 940 3050 fert
958 2959 1115 3030 animus.
1135 2964 1272 3031 Terent.
1285 2965 1430 3050 Adelph.
1447 2986 1477 3030 t.
1498 2986 1525 3028 1.
1543 2967 1593 3034 28.
1614 2963 1801 3059 praefert

404 3065 651 3136 odolescentia
671 3066 693 3128 i.
716 3080 745 3134 e.
770 3085 847 3150 quae
868 3062 941 3132 iere
958 3063 1036 3132 fieri
1055 3069 1178 3134 solent.
1205 3065 1453 3136 Mauritania.
1475 3089 1578 3153 quam
1599 3073 1800 3158 scripturam

403 3155 508 3238 habiat
541 3176 612 3234 Bas.
644 3192 670 3230 ι.
693 3189 737 3236 m.
755 3190 807 3252 pr.
828 3171 1075 3236 Mauretaneo
1095 3173 1227 3254 probat.
1248 3174 1337 3238 Pier.
1358 3177 1403 3236 ad
1422 3173 1517 3261 Virg.
1537 3179 1660 3246 Aemo.
1682 3181 1751 3240 206.
1766 3187 1801 3243 et

402 3274 574 3341 morule
596 3276 640 3336 ad
660 3273 800 3352 Eutrop.
823 3272 854 3348 ‚⁶-
871 3276 920 3332 23.
942 3272 1039 3350 cujus
1058 3273 1199 3351 quidem
1219 3277 1417 3356 provinciae
1436 3278 1521 3344 fines
1542 3300 1563 3344 a
1583 3282 1800 3365 mariusque

404 3385 448 3444 ad
468 3384 596 3444 flumen
616 3375 816 3438 Mulucham
835 3373 1096 3458 pertinuerunt3
1116 3375 1179 3439 ubi
1191 3385 1226 3440 et
1240 3379 1354 3444 Mauri
1371 3390 1405 3446 et
1419 3383 1544 3448 Gaetuli
1560 3391 1656 3452 sedes
1670 3388 1800 3452 habue-

404 3493 500 3566 runt;
519 3482 610 3544 Juba
630 3499 708 3562 rege
730 3478 863 3541 devicto
883 3477 1126 3560 improvinciae
1147 3479 1293 3546 sormam
1321 3495 1393 3548 erat
1413 3491 1549 3554 redacta
1569 3500 1603 3556 et
1622 3501 1741 3578 postea
1760 3492 1798 3560 in

404 3583 654 3652 Mauretaniam
675 3579 916 3644 Caesariensem
937 3587 971 3644 et
988 3574 1209 3664 Tingitanum
1230 3585 1339 3650 divisa
1366 3599 1425 3654 est.
1447 3593 1508 3666 cfr.
1529 3599 1626 3666 Auct.
1652 3600 1695 3664 tle
1714 3595 1797 3662 Bell.

403 3692 507 3756 Afric.
528 3712 577 3774 97.
600 3689 660 3753 .Ρ.
680 3679 829 3751 Sittium
850 3677 1110 3750 Nucerrinum.
1130 3684 1202 3765 ejus
1222 3691 1351 3756 mentio
1378 3693 1417 3757 fit
1437 3701 1528 3781 apud
1548 3702 1801 3786 Appianum&

403 3799 441 3858 C.
460 3813 490 3871 4.
509 3802 557 3873 54.
578 3793 681 3869 xiiiio<
701 3787 733 3860 ie
752 3786 847 3879 litim
867 3789 950 3860 δῖκιν
974 3788 1053 3859 ltus
1078 3787 1138 3882 οὐχ
1157 3791 1290 3894 Ktimoririr
1310 3791 1432 3886 ievpst
1460 3799 1514 3872 rel
1533 3801 1652 3900 sigalis
1672 3805 1798 3904 ἐγείρας

401 3898 438 3966 ie
453 3899 482 3970 ‘ie
502 3899 586 3973 ou'iie
606 3897 731 3970 licitiae
752 3891 804 3964 ersi
823 3892 947 3992 l’ssrglot
971 3893 1002 3968 it
1028 3893 1141 3976 Διβύην
1159 3897 1315 3970 διέπλευσε
1342 3902 1394 3973 eoi
1416 3906 1471 3982 ‘irie
1495 3907 1615 3990 Λιβύων
1643 3915 1795 3984 &stein

400 4006 584 4089 πολὲμοῢσιν
603 3999 746 4074 testem
765 3993 825 4066 riui
843 3995 934 4095 μίξας
953 3996 1137 4088 συνιμάχυς
1157 4000 1213 4070 αἰεὶ
1232 4001 1266 4072 ii
1286 4000 1327 4079 cic
1346 4011 1509 4104 προςθοΐῖο
1531 4012 1676 4084 ‚reims
1695 4019 1713 4086 ὅ
1732 4015 1797 4088 237.

398 4110 457 4186 Ίιος
474 4139 526 4179 trra
548 4103 688 4192 eremias
710 4100 855 4188 impeto,
875 4099 930 4170 zai
947 4103 966 4169 ὅ
983 4099 1100 4200 sigalis
1120 4103 1199 4179 cult
1220 4107 1407 4198 miniario
1436 4121 1602 4214 λαμπροῖς.
1630 4121 1718 4188 Vide
1740 4139 1795 4186 ce-

402 4222 484 4280 tera.
506 4232 609 4298 quam
630 4208 720 4274 bene
740 4206 835 4270 idem
856 4205 900 4274 de
913 4207 1037 4278 Caesere
1058 4210 1371 4293 peruenerunt
1392 4217 1497 4282 etiam
1516 4223 1585 4288 Dio
1594 4227 1683 4290 Cass.
1703 4231 1752 4303 43.
1775 4229 1794 4288 3
