4116 4970
398 417 448 492 oo

399 609 524 696 sepius
542 608 702 696 pluribus
723 609 924 680 nominibus
941 609 1085 680 verbum
1104 609 1279 698 singulare
1297 607 1485 697 subjungit.
1505 604 1567 678 cir.
1589 625 1692 696 ruprr
1712 630 1740 675 o.
1756 629 1804 675 η.

402 713 547 806 gloria,
567 711 766 803 imperium,
783 715 1193 803 potentiaeequebatur.
1206 719 1256 784 25.
1276 710 1384 780 sedei
1400 708 1552 781 cariora
1572 735 1713 800 semper
1728 737 1807 781 om·

405 816 472 884 nia
494 841 602 902 quam
624 823 734 887 decue
752 832 865 908 atque
878 820 1066 910 pudicitia
1075 817 1172 913 fuit.
1201 829 1236 886 et
1255 821 1331 885 eod.
1351 820 1452 897 locor
1479 821 1620 886 multae
1636 814 1808 910 facetiae

403 925 610 1008 multusque
629 927 728 1010 lepos
740 927 868 994 inerat.
892 933 1031 1016 capia.
1071 923 1281 1008 libertate!
1300 919 1426 990 anima
1447 919 1486 988 in
1508 920 1617 991 dubio
1639 931 1703 989 est.
1728 927 1806 1010 Jug.

404 1034 454 1110 69.
474 1050 565 1113 quoe
585 1026 736 1097 licentia
757 1041 871 1118 atque
891 1025 1039 1126 ignavia
1059 1029 1289 1118 corruperat.
1313 1031 1415 1096 Corte
1433 1029 1478 1094 ad
1501 1029 1607 1094 Cicer.
1627 1013 1689 1114 Ep.
1701 1034 1731 1093 3.
1747 1034 1806 1106 303

403 1137 463 1200 red
482 1137 623 1200 verbum
642 1137 779 1223 plurale
798 1138 902 1204 etium
928 1139 968 1203 iu
995 1135 1196 1219 hujusmodi
1221 1133 1447 1221 structurisya
1470 1133 1619 1199 Salustio
1648 1134 1807 1220 usurpari

404 1249 547 1338 nonest,
565 1245 661 1324 quod
682 1245 883 1308 doceamur:
895 1242 956 1309 cfr.
975 1243 1053 1330 Jug.
1067 1245 1116 1307 38.
1135 1261 1227 1319 «nox
1245 1249 1349 1326 utque
1362 1244 1479 1327 preda
1491 1248 1678 1306 castrorum
1693 1241 1807 1305 hostes

404 1388 483 1416 ....
504 1347 699 1412 remorata”
720 1357 809 1413 runt.
830 1368 952 1435 quere,
972 1369 1051 1414 cum
1070 1349 1138 1414 hoc
1158 1349 1236 1412 loco
1257 1344 1419 1414 meliores
1438 1344 1524 1410 libri
1544 1364 1616 1410 non
1637 1345 1807 1410 consenti·

402 1461 475 1534 unt,
484 1446 621 1542 serent
640 1453 871 1519 retinendum.
891 1451 1112 1538 nequiquam
1132 1455 1208 1521 Vnt.
1223 1472 1253 1517 u.
1277 1471 1353 1536 qun
1372 1449 1540 1537 scriptura
1559 1449 1597 1514 id
1619 1459 1708 1514 certe
1726 1469 1807 1534 pro·

404 1557 489 1640 bnt,
516 1552 758 1642 nequicquam
778 1559 902 1625 melius
921 1579 1026 1643 quarn
1045 1553 1288 1644 nequidquam
1308 1556 1424 1623 scribi.
1443 1560 1504 1622 ted
1522 1575 1566 1620 ne
1586 1551 1806 1638 nequiquam

406 1661 548 1743 quidem
568 1665 821 1751 damnandum,
850 1665 979 1752 qnippe
998 1685 1075 1750 quae
1093 1663 1262 1750 scripture
1286 1683 1376 1730 rere
1394 1660 1674 1749 pronuntiationi
1699 1658 1808 1724 mui-

406 1785 463 1832 me
483 1775 711 1835 consentanea
733 1771 788 1837 rii.
814 1781 1025 1857 opportuna
1044 1792 1105 1837 ree
1124 1764 1313 1836 cecidisset
1332 1769 1357 1836 i.
1375 1789 1405 1836 e.
1425 1787 1490 1855 pro
1510 1773 1712 1854 opportune.
1744 1763 1805 1827 cir.

407 1872 481 1937 Cic.
499 1877 544 1939 de
564 1875 658 1938 Orat.
675 1897 705 1940 2.
720 1891 751 1954 4.
781 1877 850 1942 hoc
868 1876 996 1942 accidit
1017 1875 1107 1942 mihi
1126 1883 1393 1962 peropportune.
1445 1872 1507 1939 eir.
1526 1869 1618 1936 inira
1636 1869 1808 1956 iugurtha

405 1979 457 2041 65.
477 1985 615 2044 cuncta
628 1999 811 2066 prospera
836 1989 1020 2048 eventura.
1033 1981 1169 2066 -Spee
1187 1999 1345 2070 magnae
1370 1975 1645 2047 dominationis.
1673 1978 1765 2042 Med.
1779 1979 1807 2037 5.

407 2079 673 2150 dammationis
701 2085 806 2150 multi
825 2105 867 2152 ex
886 2089 994 2153 codd.
1015 2085 1156 2153 Italicis.
1191 2105 1263 2170 per
1281 2085 1399 2174 ipnav.
1419 2092 1488 2149 aut
1509 2103 1601 2148 vana
1621 2079 1694 2171 ing.
1726 2087 1810 2144 notu

288 2195 296 2206 ·
406 2186 608 2254 brevitatem
627 2190 796 2256 orationis
815 2191 945 2256 dietum
965 2211 1051 2280 pro:
1070 2209 1185 2274 neque
1207 2211 1376 2256 ranorum
1404 2197 1438 2256 et
1467 2189 1670 2278 ignavorum
1689 2183 1810 2270 Rhomi·

407 2313 492 2356 num
512 2295 626 2359 studia
644 2316 701 2362 me
723 2297 950 2384 impulissent,
969 2304 1008 2362 ut
1028 2303 1095 2363 eto.
1112 2297 1208 2380 quod
1222 2295 1361 2361 curtius
1373 2289 1504 2379 ignava
1522 2314 1586 2380 pro
1596 2289 1743 2382 ignavia
1758 2290 1810 2356 le-

406 2399 623 2485 gereroluit‚
643 2400 770 2467 fefellit
789 2421 869 2468 eum
890 2399 1033 2466 Salustii
1052 2404 1264 2466 consuetudo
1291 2399 1332 2466 in
1352 2397 1519 2484 oppositis
1550 2405 1585 2464 et
1611 2396 1652 2462 in
1679 2397 1809 2482 epithe-

408 2505 454 2567 tir
473 2505 666 2569 orationem
683 2505 844 2570 variandi
864 2527 914 2573 ex.
935 2527 986 2593 gr.
1005 2505 1233 2593 pars-ulii,
1252 2503 1501 2592 pure-pauci.
1521 2502 1581 2568 cfr.
1600 2503 1760 2590 iugurth.
1782 2511 1809 2570 1.

409 2601 592 2670 imbecilla
613 2615 725 2690 atque
744 2604 824 2674 aevi
840 2605 955 2674 brevis
973 2611 1132 2695 iugurth.
1155 2613 1205 2680 6³.
1226 2613 1344 2678 Nemo
1366 2617 1443 2674 tam
1465 2612 1589 2674 clarus
1608 2629 1723 2692 neque
1731 2615 1809 2671 tam

409 2706 566 2800 egregiis
575 2705 700 2802 factie
728 2719 822 2778 erat.
846 2713 1054 2778 abstractum
1086 2722 1201 2780 nutem
1220 2733 1284 2801 pro
1311 2722 1470 2781 concreto
1498 2714 1670 2800 positum,
1699 2713 1811 2776 nemi-

408 2833 489 2880 nem
518 2809 686 2902 offendet,
710 2817 773 2901 qui
800 2817 942 2884 initium
966 2837 1039 2904 cap.
1071 2823 1120 2886 15.
1149 2819 1189 2884 in
1218 2818 1370 2885 catilina
1400 2819 1533 2906 legerit.
1565 2827 1753 2903 captarem
1784 2817 1808 2885 i.

406 2939 438 2984 e.
476 2919 629 2986 studiose
657 2943 864 3010 quererem,
887 2933 927 2989 ut
954 2924 1086 3010 saepiur.
1127 2921 1255 2991 multis
1285 2923 1500 3014 magnisque
1527 2919 1809 3009 tempestatibus.

409 3033 589 3110 tempestas
609 3027 676 3092 hoc
695 3027 773 3093 loco
794 3049 867 3094 uon
886 3029 1092 3116 simpliciter
1107 3049 1171 3117 pro
1191 3039 1345 3116 tempore
1364 3028 1478 3115 posite
1496 3049 1567 3096 esse
1585 3030 1734 3108 ridetur,
1751 3031 1810 3094 sed

409 3139 529 3192 auctor
555 3131 658 3194 etiam
688 3153 741 3198 res
767 3134 961 3223 intelligit,
990 3159 1066 3220 quae
1087 3139 1160 3203 illis
1187 3136 1400 3222 temporibus
1420 3136 1626 3202 acciderant.
1644 3139 1736 3200 hano
1765 3135 1809 3198 ob

410 3251 483 3298 rem
500 3254 655 3322 magnas
686 3255 742 3300 eur
772 3239 858 3302 dicit
878 3237 904 3307 i.
934 3245 1108 3326 edures,
1128 3241 1305 3321 difficiles;
1334 3261 1403 3326 quo
1423 3261 1526 3308 sensu
1546 3243 1664 3308 Cicero
1684 3243 1742 3324 Ep.
1764 3241 1808 3302 nd

409 3339 489 3412 Div.
505 3341 536 3402 6.
558 3359 587 3419 7.
609 3339 652 3402 id
667 3359 840 3428 magnum
861 3350 898 3405 et
917 3343 1084 3408 arduum.
1104 3347 1156 3408 De
1177 3349 1216 3408 N.
1225 3349 1267 3418 1).
1288 3365 1316 3410 u.
1334 3349 1385 3414 66.
1426 3369 1562 3438 magna
1583 3344 1639 3410 dii
1656 3352 1808 3430 curant,

406 3462 523 3524 parva
544 3439 797 3530 negligunt-
816 3444 945 3512 multis
965 3457 1002 3513 et
1021 3446 1166 3538 magnis
1193 3452 1253 3516 sed
1274 3450 1344 3516 alio
1372 3469 1474 3517 sensu
1504 3452 1553 3516 ita
1583 3451 1810 3538 compositum

410 3547 515 3610 hehet
556 3548 713 3631 iugurth.
734 3551 785 3610 66.
828 3547 955 3614 multis
979 3552 1193 3641 magnisque
1220 3551 1418 3640 praesidiis
1445 3553 1589 3622 amissis
1609 3595 1650 3611 -
1672 3577 1713 3621 eo
1735 3557 1759 3623 i.
1780 3577 1807 3620 e.

411 3651 493 3716 ideo
513 3649 616 3715 etiam
650 3654 743 3736 apud
764 3651 976 3722 Ciceronem.
1000 3659 1043 3721 de
1064 3657 1142 3721 Div.
1165 3675 1194 3721 α.
1214 3681 1273 3738 2⁰3
1285 3655 1418 3750 frater
1432 3683 1477 3747 es,
1491 3683 1532 3728 eo
1555 3682 1678 3727 vereor
1698 3671 1730 3725 et
1752 3679 1809 3725 sae·

410 3756 489 3839 pius
509 3756 606 3820 alini.
627 3775 742 3821 autur
762 3767 827 3838 eet,
859 3762 1003 3827 verbum
1024 3763 1297 3850 substantivum,
1318 3769 1412 3850 quod
1432 3766 1568 3831 Cottius
1587 3765 1725 3852 delerit,
1745 3767 1809 3830 hoc

412 3859 490 3922 ioco
504 3871 644 3946 propter
664 3883 846 3929 numerum
865 3870 984 3949 utique
1016 3869 1253 3933 necessarium.
1287 3868 1446 3955 incipere
1466 3891 1538 3936 non
1578 3873 1748 3955 abundat,
1773 3879 1810 3932 ut

413 3965 560 4028 Grutero
574 3961 709 4052 ¹virum,
728 3973 788 4034 sed
809 3970 989 4035 insolitum
1009 3982 1059 4038 est
1070 4016 1082 4057 ‚
1110 3977 1205 4058 quod
1224 3979 1267 4037 ud
1288 3976 1443 4039 animum
1462 3976 1616 4042 refertur.
1654 3978 1809 4044 ceterum

412 4072 503 4136 bene
522 4071 677 4134 Donatus
697 4076 741 4136 nd
760 4075 894 4140 Terent.
922 4077 1007 4146 Eun.
1031 4081 1062 4147 6.
1085 4101 1113 4160 7.
1147 4079 1411 4165 animadvertit,
1439 4077 1599 4165 incipere
1623 4099 1695 4147 esse
1714 4101 1811 4166 mag·

414 4195 538 4242 norum
559 4173 725 4240 sactorum
747 4197 947 4264 magnaque
966 4183 1126 4248 audnciae.
1147 4183 1269 4247 eadem
1291 4182 1383 4248 mihi
1400 4188 1473 4251 Vnt.
1489 4203 1518 4262 4.
1540 4185 1588 4250 ita
1608 4187 1712 4250 etium
1732 4189 1807 4252 Nu.

413 4291 447 4346 et
460 4281 624 4356 Commel.
646 4290 729 4349 teste
743 4283 902 4356 Grutero.
921 4287 978 4353 Est
991 4289 1193 4354 Graecirmur
1213 4291 1305 4374 apud
1323 4299 1441 4376 poetar
1460 4291 1586 4378 passim
1608 4291 1740 4356 obvius.
1750 4289 1808 4354 cir.
1824 4373 1836 4390 ⁸
