<?xml version="1.0" encoding="UTF-8"?>
<!DOCTYPE html PUBLIC "-//W3C//DTD XHTML 1.0 Transitional//EN"
    "http://www.w3.org/TR/xhtml1/DTD/xhtml1-transitional.dtd">
<html xmlns="http://www.w3.org/1999/xhtml" xml:lang="en" lang="en">
 <head>
  <title>
</title>
<meta http-equiv="Content-Type" content="text/html;charset=utf-8" />
  <meta name='ocr-system' content='tesseract 3.04.00' />
  <meta name='ocr-capabilities' content='ocr_page ocr_carea ocr_par ocr_line ocrx_word'/>
</head>
<body>
  <div class='ocr_page' id='page_1' title='image "./salustiiquaeexs02sallgoog_0123.png"; bbox 0 0 4106 4974; ppageno 0'>
   <div class='ocr_carea' id='block_1_1' title="bbox 394 411 463 462">
    <p class='ocr_par' dir='ltr' id='par_1_1' title="bbox 394 411 463 462">
     <span class='ocr_line' id='line_1_1' title="bbox 394 411 463 462; baseline 0 0"><span class='ocrx_word' id='word_1_1' title='bbox 394 411 463 462; x_wconf 85' lang='lat'>110</span> 
     </span>
    </p>
   </div>
   <div class='ocr_carea' id='block_1_2' title="bbox 282 542 1797 2008">
    <p class='ocr_par' dir='ltr' id='par_1_2' title="bbox 282 542 1797 2008">
     <span class='ocr_line' id='line_1_2' title="bbox 448 542 1797 646; baseline -0.007 -19"><span class='ocrx_word' id='word_1_2' title='bbox 448 567 530 646; x_wconf 80' lang='lat' dir='ltr'>Gap.</span> <span class='ocrx_word' id='word_1_3' title='bbox 544 559 677 624; x_wconf 81' lang='lat' dir='ltr'><strong>XXXV·</strong></span> <span class='ocrx_word' id='word_1_4' title='bbox 699 557 742 625; x_wconf 87' lang='lat' dir='ltr'>L.</span> <span class='ocrx_word' id='word_1_5' title='bbox 757 545 924 624; x_wconf 70' lang='lat' dir='ltr'>Catilina</span> <span class='ocrx_word' id='word_1_6' title='bbox 940 544 1098 618; x_wconf 71' lang='lat' dir='ltr'>saluteris</span> <span class='ocrx_word' id='word_1_7' title='bbox 1120 542 1210 614; x_wconf 80' lang='lat' dir='ltr'>dicit</span> <span class='ocrx_word' id='word_1_8' title='bbox 1229 549 1273 632; x_wconf 84' lang='lat' dir='ltr'>Q.</span> <span class='ocrx_word' id='word_1_9' title='bbox 1290 547 1439 618; x_wconf 80' lang='lat' dir='ltr'>Catulo.</span> <span class='ocrx_word' id='word_1_10' title='bbox 1460 549 1511 618; x_wconf 84' lang='lat' dir='ltr'>ita</span> <span class='ocrx_word' id='word_1_11' title='bbox 1529 553 1607 620; x_wconf 84' lang='lat' dir='ltr'>Vat.</span> <span class='ocrx_word' id='word_1_12' title='bbox 1625 571 1657 618; x_wconf 86' lang='lat' dir='ltr'>a.</span> <span class='ocrx_word' id='word_1_13' title='bbox 1676 553 1717 640; x_wconf 81' lang='grc' dir='ltr'>Ω.</span> <span class='ocrx_word' id='word_1_14' title='bbox 1732 555 1797 620; x_wconf 85' lang='lat' dir='ltr'>Ca-</span> 
     </span>
     <span class='ocr_line' id='line_1_3' title="bbox 388 649 1797 746; baseline -0.006 -13"><span class='ocrx_word' id='word_1_15' title='bbox 388 670 461 733; x_wconf 93' lang='lat' dir='ltr'>tulo</span> <span class='ocrx_word' id='word_1_16' title='bbox 483 669 646 731; x_wconf 85' lang='lat' dir='ltr'>Salutem.</span> <span class='ocrx_word' id='word_1_17' title='bbox 667 661 765 724; x_wconf 77' lang='lat' dir='ltr'>Barla.</span> <span class='ocrx_word' id='word_1_18' title='bbox 779 679 809 724; x_wconf 86' lang='lat' dir='ltr'>a.</span> <span class='ocrx_word' id='word_1_19' title='bbox 822 663 853 728; x_wconf 77' lang='lat'>3.</span> <span class='ocrx_word' id='word_1_20' title='bbox 868 674 896 736; x_wconf 73' lang='lat'><em>4</em></span> <span class='ocrx_word' id='word_1_21' title='bbox 911 659 948 722; x_wconf 81' lang='lat'>⁵..</span> <span class='ocrx_word' id='word_1_22' title='bbox 963 663 1079 746; x_wconf 77' lang='lat' dir='ltr'>grata</span> <span class='ocrx_word' id='word_1_23' title='bbox 1099 649 1197 718; x_wconf 83' lang='lat' dir='ltr'>milrr&#39;.</span> <span class='ocrx_word' id='word_1_24' title='bbox 1236 656 1309 720; x_wconf 67' lang='lat' dir='ltr'>laec</span> <span class='ocrx_word' id='word_1_25' title='bbox 1327 656 1435 722; x_wconf 86' lang='lat' dir='ltr'>rerba</span> <span class='ocrx_word' id='word_1_26' title='bbox 1455 657 1639 723; x_wconf 87' lang='lat' dir='ltr'>durissime</span> <span class='ocrx_word' id='word_1_27' title='bbox 1659 668 1797 726; x_wconf 86' lang='lat' dir='ltr'>antece-</span> 
     </span>
     <span class='ocr_line' id='line_1_4' title="bbox 282 757 1795 848; baseline -0.007 -9"><span class='ocrx_word' id='word_1_28' title='bbox 282 791 286 798; x_wconf 88' lang='lat'>·</span> <span class='ocrx_word' id='word_1_29' title='bbox 387 774 548 838; x_wconf 79' lang='lat' dir='ltr'>dentibus</span> <span class='ocrx_word' id='word_1_30' title='bbox 568 769 700 848; x_wconf 87' lang='lat' dir='ltr'>adjecta</span> <span class='ocrx_word' id='word_1_31' title='bbox 719 785 817 846; x_wconf 87' lang='lat' dir='ltr'>esse,</span> <span class='ocrx_word' id='word_1_32' title='bbox 844 783 946 828; x_wconf 88' lang='lat' dir='ltr'>nemo</span> <span class='ocrx_word' id='word_1_33' title='bbox 969 771 1034 846; x_wconf 92' lang='lat' dir='ltr'>est,</span> <span class='ocrx_word' id='word_1_34' title='bbox 1062 759 1150 844; x_wconf 84' lang='lat' dir='ltr'>quin</span> <span class='ocrx_word' id='word_1_35' title='bbox 1170 757 1352 846; x_wconf 80' lang='lat' dir='ltr'>intelligat.</span> <span class='ocrx_word' id='word_1_36' title='bbox 1390 761 1458 828; x_wconf 80' lang='lat' dir='ltr'>Sed</span> <span class='ocrx_word' id='word_1_37' title='bbox 1478 782 1523 828; x_wconf 88' lang='lat' dir='ltr'>ne</span> <span class='ocrx_word' id='word_1_38' title='bbox 1543 783 1633 830; x_wconf 88' lang='lat' dir='ltr'>unus</span> <span class='ocrx_word' id='word_1_39' title='bbox 1652 765 1795 848; x_wconf 81' lang='lat' dir='ltr'>quidem</span> 
     </span>
     <span class='ocr_line' id='line_1_5' title="bbox 295 855 1796 965; baseline -0.007 -22"><span class='ocrx_word' id='word_1_40' title='bbox 295 899 303 908; x_wconf 94' lang='lat'>·</span> <span class='ocrx_word' id='word_1_41' title='bbox 385 880 477 942; x_wconf 90' lang='lat' dir='ltr'>liber</span> <span class='ocrx_word' id='word_1_42' title='bbox 495 880 562 940; x_wconf 90' lang='lat' dir='ltr'>hoc</span> <span class='ocrx_word' id='word_1_43' title='bbox 582 873 620 937; x_wconf 91' lang='lat' dir='ltr'>in</span> <span class='ocrx_word' id='word_1_44' title='bbox 640 872 717 936; x_wconf 92' lang='lat' dir='ltr'>loco</span> <span class='ocrx_word' id='word_1_45' title='bbox 738 891 758 936; x_wconf 90' lang='lat' dir='ltr'>a</span> <span class='ocrx_word' id='word_1_46' title='bbox 777 870 916 955; x_wconf 76' lang='lat' dir='ltr'>vulgata</span> <span class='ocrx_word' id='word_1_47' title='bbox 935 867 1085 932; x_wconf 86' lang='lat' dir='ltr'>lectione</span> <span class='ocrx_word' id='word_1_48' title='bbox 1106 864 1274 965; x_wconf 84' lang='lat' dir='ltr'>discedit,</span> <span class='ocrx_word' id='word_1_49' title='bbox 1296 863 1365 930; x_wconf 86' lang='lat' dir='ltr'>uisi</span> <span class='ocrx_word' id='word_1_50' title='bbox 1384 855 1479 950; x_wconf 67' lang='lat' dir='ltr'>quod</span> <span class='ocrx_word' id='word_1_51' title='bbox 1499 868 1615 934; x_wconf 74' lang='lat' dir='ltr'>vata.</span> <span class='ocrx_word' id='word_1_52' title='bbox 1635 865 1674 932; x_wconf 83' lang='lat' dir='ltr'>r&#39;rr</span> <span class='ocrx_word' id='word_1_53' title='bbox 1694 891 1796 960; x_wconf 76' lang='lat' dir='ltr'>mag-</span> 
     </span>
     <span class='ocr_line' id='line_1_6' title="bbox 386 969 1793 1061; baseline -0.005 -15"><span class='ocrx_word' id='word_1_54' title='bbox 386 979 444 1046; x_wconf 82' lang='lat' dir='ltr'>nis</span> <span class='ocrx_word' id='word_1_55' title='bbox 463 983 575 1046; x_wconf 85' lang='lat' dir='ltr'>habet.</span> <span class='ocrx_word' id='word_1_56' title='bbox 607 998 676 1061; x_wconf 87' lang='lat' dir='ltr'>qua</span> <span class='ocrx_word' id='word_1_57' title='bbox 695 976 838 1060; x_wconf 85' lang='lat' dir='ltr'>quidem</span> <span class='ocrx_word' id='word_1_58' title='bbox 859 973 1010 1038; x_wconf 79' lang='lat' dir='ltr'>lectione</span> <span class='ocrx_word' id='word_1_59' title='bbox 1031 970 1168 1034; x_wconf 74' lang='lat' dir='ltr'><strong>facilius</strong></span> <span class='ocrx_word' id='word_1_60' title='bbox 1186 969 1265 1038; x_wconf 87' lang='lat' dir='ltr'>fieri</span> <span class='ocrx_word' id='word_1_61' title='bbox 1283 970 1413 1056; x_wconf 89' lang='lat' dir='ltr'>potuit,</span> <span class='ocrx_word' id='word_1_62' title='bbox 1439 981 1478 1036; x_wconf 81' lang='lat' dir='ltr'>rat</span> <span class='ocrx_word' id='word_1_63' title='bbox 1499 973 1649 1038; x_wconf 87' lang='lat' dir='ltr'>auctoris</span> <span class='ocrx_word' id='word_1_64' title='bbox 1667 976 1793 1057; x_wconf 83' lang='lat' dir='ltr'>rerba,</span> 
     </span>
     <span class='ocr_line' id='line_1_7' title="bbox 387 1078 1794 1170; baseline -0.003 -20"><span class='ocrx_word' id='word_1_65' title='bbox 387 1108 463 1170; x_wconf 72' lang='lat' dir='ltr'>quse</span> <span class='ocrx_word' id='word_1_66' title='bbox 488 1085 624 1150; x_wconf 82' lang='lat' dir='ltr'>Cortius</span> <span class='ocrx_word' id='word_1_67' title='bbox 656 1081 844 1148; x_wconf 69' lang='lat' dir='ltr'><strong>restituisse</strong></span> <span class='ocrx_word' id='word_1_68' title='bbox 864 1079 932 1144; x_wconf 85' lang='lat' dir='ltr'>sibi</span> <span class='ocrx_word' id='word_1_69' title='bbox 952 1078 1046 1142; x_wconf 82' lang='lat' dir='ltr'>visus</span> <span class='ocrx_word' id='word_1_70' title='bbox 1066 1085 1138 1161; x_wconf 89' lang='lat' dir='ltr'>est,</span> <span class='ocrx_word' id='word_1_71' title='bbox 1167 1086 1478 1160; x_wconf 69' lang='lat' dir='ltr'>corrumperentur.</span> <span class='ocrx_word' id='word_1_72' title='bbox 1518 1078 1665 1144; x_wconf 82' lang='lat' dir='ltr'>Ursinus</span> <span class='ocrx_word' id='word_1_73' title='bbox 1690 1081 1794 1147; x_wconf 86' lang='lat' dir='ltr'>rerba</span> 
     </span>
     <span class='ocr_line' id='line_1_8' title="bbox 385 1181 1794 1278; baseline -0.002 -21"><span class='ocrx_word' id='word_1_74' title='bbox 385 1213 426 1257; x_wconf 83' lang='lat' dir='ltr'>re</span> <span class='ocrx_word' id='word_1_75' title='bbox 446 1189 595 1278; x_wconf 80' lang='lat' dir='ltr'>cognita</span> <span class='ocrx_word' id='word_1_76' title='bbox 616 1187 799 1274; x_wconf 80' lang='lat' dir='ltr'>expunxit,</span> <span class='ocrx_word' id='word_1_77' title='bbox 819 1193 852 1250; x_wconf 88' lang='lat' dir='ltr'>et</span> <span class='ocrx_word' id='word_1_78' title='bbox 871 1203 935 1269; x_wconf 90' lang='lat' dir='ltr'>pro</span> <span class='ocrx_word' id='word_1_79' title='bbox 955 1191 1094 1272; x_wconf 78' lang='lat' dir='ltr'>grata,</span> <span class='ocrx_word' id='word_1_80' title='bbox 1111 1202 1235 1271; x_wconf 81' lang='lat' dir='ltr'>gnara</span> <span class='ocrx_word' id='word_1_81' title='bbox 1255 1182 1452 1264; x_wconf 77' lang='lat' dir='ltr'>substituit3</span> <span class='ocrx_word' id='word_1_82' title='bbox 1472 1181 1569 1264; x_wconf 72' lang='lat' dir='ltr'>cnjus</span> <span class='ocrx_word' id='word_1_83' title='bbox 1586 1184 1680 1250; x_wconf 78' lang='lat' dir='ltr'>vocis</span> <span class='ocrx_word' id='word_1_84' title='bbox 1699 1186 1794 1254; x_wconf 86' lang='lat' dir='ltr'>inso-</span> 
     </span>
     <span class='ocr_line' id='line_1_9' title="bbox 384 1281 1795 1381; baseline -0.001 -22"><span class='ocrx_word' id='word_1_85' title='bbox 384 1299 455 1362; x_wconf 78' lang='lat' dir='ltr'>titae</span> <span class='ocrx_word' id='word_1_86' title='bbox 475 1297 682 1381; x_wconf 75' lang='lat' dir='ltr'>explicandas</span> <span class='ocrx_word' id='word_1_87' title='bbox 702 1289 813 1378; x_wconf 83' lang='lat' dir='ltr'>gratia</span> <span class='ocrx_word' id='word_1_88' title='bbox 832 1287 995 1353; x_wconf 79' lang='lat' dir='ltr'>librarios</span> <span class='ocrx_word' id='word_1_89' title='bbox 1014 1309 1056 1374; x_wconf 72' lang='lat' dir='ltr'>re</span> <span class='ocrx_word' id='word_1_90' title='bbox 1075 1281 1228 1376; x_wconf 80' lang='lat' dir='ltr'>cognita</span> <span class='ocrx_word' id='word_1_91' title='bbox 1248 1287 1464 1372; x_wconf 79' lang='lat' dir='ltr'>adscripsisse</span> <span class='ocrx_word' id='word_1_92' title='bbox 1483 1289 1613 1354; x_wconf 78' lang='lat' dir='ltr'>statuit.</span> <span class='ocrx_word' id='word_1_93' title='bbox 1633 1293 1795 1380; x_wconf 77' lang='lat' dir='ltr'>Ingenio·</span> 
     </span>
     <span class='ocr_line' id='line_1_10' title="bbox 383 1392 1795 1476; baseline -0.011 -10"><span class='ocrx_word' id='word_1_94' title='bbox 383 1402 455 1466; x_wconf 89' lang='lat' dir='ltr'>sior</span> <span class='ocrx_word' id='word_1_95' title='bbox 481 1402 584 1464; x_wconf 87' lang='lat' dir='ltr'>etiam</span> <span class='ocrx_word' id='word_1_96' title='bbox 606 1407 655 1462; x_wconf 87' lang='lat' dir='ltr'>est</span> <span class='ocrx_word' id='word_1_97' title='bbox 693 1395 804 1460; x_wconf 85' lang='lat' dir='ltr'>Curtii</span> <span class='ocrx_word' id='word_1_98' title='bbox 839 1392 1059 1473; x_wconf 68' lang='lat' dir='ltr'>conjectum</span> <span class='ocrx_word' id='word_1_99' title='bbox 1092 1393 1152 1457; x_wconf 86' lang='lat' dir='ltr'>sed</span> <span class='ocrx_word' id='word_1_100' title='bbox 1182 1412 1227 1458; x_wconf 90' lang='lat' dir='ltr'>ne</span> <span class='ocrx_word' id='word_1_101' title='bbox 1269 1402 1343 1456; x_wconf 89' lang='lat' dir='ltr'>tum</span> <span class='ocrx_word' id='word_1_102' title='bbox 1382 1393 1526 1476; x_wconf 85' lang='lat' dir='ltr'>quidem</span> <span class='ocrx_word' id='word_1_103' title='bbox 1555 1396 1669 1461; x_wconf 84' lang='lat' dir='ltr'>omnis</span> <span class='ocrx_word' id='word_1_104' title='bbox 1702 1397 1795 1464; x_wconf 80' lang='lat' dir='ltr'>diffi.</span> 
     </span>
     <span class='ocr_line' id='line_1_11' title="bbox 384 1496 1794 1594; baseline -0.002 -25"><span class='ocrx_word' id='word_1_105' title='bbox 384 1508 493 1570; x_wconf 84' lang='lat' dir='ltr'>cultas</span> <span class='ocrx_word' id='word_1_106' title='bbox 513 1503 663 1580; x_wconf 77' lang='lat' dir='ltr'>tollitur3</span> <span class='ocrx_word' id='word_1_107' title='bbox 690 1501 749 1566; x_wconf 82' lang='lat' dir='ltr'>rix</span> <span class='ocrx_word' id='word_1_108' title='bbox 779 1500 874 1564; x_wconf 89' lang='lat' dir='ltr'>enim</span> <span class='ocrx_word' id='word_1_109' title='bbox 903 1497 986 1564; x_wconf 81' lang='lat' dir='ltr'>satis</span> <span class='ocrx_word' id='word_1_110' title='bbox 1016 1496 1188 1582; x_wconf 78' lang='lat' dir='ltr'>explices„</span> <span class='ocrx_word' id='word_1_111' title='bbox 1227 1516 1289 1561; x_wconf 88' lang='lat' dir='ltr'>cur</span> <span class='ocrx_word' id='word_1_112' title='bbox 1312 1505 1429 1587; x_wconf 75' lang='lat' dir='ltr'>grata</span> <span class='ocrx_word' id='word_1_113' title='bbox 1457 1497 1585 1564; x_wconf 81' lang='lat' dir='ltr'>fiducia</span> <span class='ocrx_word' id='word_1_114' title='bbox 1612 1501 1701 1566; x_wconf 88' lang='lat' dir='ltr'>dicta</span> <span class='ocrx_word' id='word_1_115' title='bbox 1726 1503 1794 1594; x_wconf 84' lang='lat' dir='ltr'>sit,</span> 
     </span>
     <span class='ocr_line' id='line_1_12' title="bbox 385 1601 1794 1701; baseline 0.001 -28"><span class='ocrx_word' id='word_1_116' title='bbox 385 1607 624 1701; x_wconf 82' lang='lat' dir='ltr'>injucundam</span> <span class='ocrx_word' id='word_1_117' title='bbox 655 1604 754 1670; x_wconf 85' lang='lat' dir='ltr'>enim</span> <span class='ocrx_word' id='word_1_118' title='bbox 780 1603 886 1668; x_wconf 82' lang='lat' dir='ltr'>fuisse</span> <span class='ocrx_word' id='word_1_119' title='bbox 911 1622 1013 1667; x_wconf 88' lang='lat' dir='ltr'>nemo</span> <span class='ocrx_word' id='word_1_120' title='bbox 1055 1609 1128 1687; x_wconf 92' lang='lat' dir='ltr'>est,</span> <span class='ocrx_word' id='word_1_121' title='bbox 1161 1601 1225 1686; x_wconf 89' lang='lat' dir='ltr'>qui</span> <span class='ocrx_word' id='word_1_122' title='bbox 1253 1601 1434 1668; x_wconf 82' lang='lat' dir='ltr'>existimet.</span> <span class='ocrx_word' id='word_1_123' title='bbox 1475 1624 1582 1690; x_wconf 84' lang='lat' dir='ltr'>quare</span> <span class='ocrx_word' id='word_1_124' title='bbox 1613 1609 1681 1672; x_wconf 85' lang='lat' dir='ltr'>tale</span> <span class='ocrx_word' id='word_1_125' title='bbox 1707 1607 1794 1692; x_wconf 85' lang='lat' dir='ltr'>quid</span> 
     </span>
     <span class='ocr_line' id='line_1_13' title="bbox 384 1707 1794 1800; baseline 0.001 -22"><span class='ocrx_word' id='word_1_126' title='bbox 384 1716 510 1778; x_wconf 79' lang='lat' dir='ltr'>addere</span> <span class='ocrx_word' id='word_1_127' title='bbox 534 1712 645 1800; x_wconf 86' lang='lat' dir='ltr'>etiam</span> <span class='ocrx_word' id='word_1_128' title='bbox 671 1711 764 1793; x_wconf 86' lang='lat' dir='ltr'>apud</span> <span class='ocrx_word' id='word_1_129' title='bbox 794 1709 904 1774; x_wconf 78' lang='lat' dir='ltr'>alium</span> <span class='ocrx_word' id='word_1_130' title='bbox 931 1707 1132 1794; x_wconf 85' lang='lat' dir='ltr'>scriptorem</span> <span class='ocrx_word' id='word_1_131' title='bbox 1165 1707 1347 1774; x_wconf 83' lang='lat' dir='ltr'>insolitum</span> <span class='ocrx_word' id='word_1_132' title='bbox 1366 1751 1378 1796; x_wconf 95' lang='lat'>,</span> <span class='ocrx_word' id='word_1_133' title='bbox 1397 1711 1458 1776; x_wconf 89' lang='lat' dir='ltr'>sed</span> <span class='ocrx_word' id='word_1_134' title='bbox 1485 1713 1578 1796; x_wconf 86' lang='lat' dir='ltr'>apud</span> <span class='ocrx_word' id='word_1_135' title='bbox 1605 1712 1794 1780; x_wconf 80' lang='lat' dir='ltr'>Salustium</span> 
     </span>
     <span class='ocr_line' id='line_1_14' title="bbox 382 1810 1792 1905; baseline 0.002 -24"><span class='ocrx_word' id='word_1_136' title='bbox 382 1821 487 1905; x_wconf 86' lang='lat' dir='ltr'>plane</span> <span class='ocrx_word' id='word_1_137' title='bbox 519 1818 748 1900; x_wconf 89' lang='lat' dir='ltr'>inportunum</span> <span class='ocrx_word' id='word_1_138' title='bbox 774 1823 839 1880; x_wconf 86' lang='lat' dir='ltr'>cst.</span> <span class='ocrx_word' id='word_1_139' title='bbox 880 1817 999 1895; x_wconf 87' lang='lat' dir='ltr'>Neque</span> <span class='ocrx_word' id='word_1_140' title='bbox 1029 1810 1145 1877; x_wconf 89' lang='lat' dir='ltr'>solum</span> <span class='ocrx_word' id='word_1_141' title='bbox 1172 1821 1316 1899; x_wconf 86' lang='lat' dir='ltr'>propter</span> <span class='ocrx_word' id='word_1_142' title='bbox 1343 1814 1499 1900; x_wconf 89' lang='lat' dir='ltr'>pericula</span> <span class='ocrx_word' id='word_1_143' title='bbox 1517 1817 1607 1882; x_wconf 87' lang='lat' dir='ltr'>hauc</span> <span class='ocrx_word' id='word_1_144' title='bbox 1628 1815 1792 1884; x_wconf 86' lang='lat' dir='ltr'>fiduciam</span> 
     </span>
     <span class='ocr_line' id='line_1_15' title="bbox 384 1917 1793 2008; baseline -0.001 -18"><span class='ocrx_word' id='word_1_145' title='bbox 384 1921 728 2003; x_wconf 77' lang='lat' dir='ltr'>cijucundamt‘uisse</span> <span class='ocrx_word' id='word_1_146' title='bbox 741 1919 927 2006; x_wconf 83' lang='lat' dir='ltr'>putaveris.</span> <span class='ocrx_word' id='word_1_147' title='bbox 952 1917 1176 1984; x_wconf 85' lang='lat' dir='ltr'>commodius</span> <span class='ocrx_word' id='word_1_148' title='bbox 1194 1919 1263 1982; x_wconf 90' lang='lat' dir='ltr'>hoc</span> <span class='ocrx_word' id='word_1_149' title='bbox 1281 1919 1326 1984; x_wconf 85' lang='lat' dir='ltr'>ad</span> <span class='ocrx_word' id='word_1_150' title='bbox 1346 1919 1450 1985; x_wconf 86' lang='lat' dir='ltr'>fidem</span> <span class='ocrx_word' id='word_1_151' title='bbox 1471 1920 1638 2008; x_wconf 81' lang='lat' dir='ltr'>refertur,</span> <span class='ocrx_word' id='word_1_152' title='bbox 1658 1943 1734 2008; x_wconf 78' lang='lat' dir='ltr'>quat</span> <span class='ocrx_word' id='word_1_153' title='bbox 1752 1923 1793 1990; x_wconf 90' lang='lat' dir='ltr'>in</span> 
     </span>
    </p>
   </div>
   <div class='ocr_carea' id='block_1_3' title="bbox 240 2022 1794 2220">
    <p class='ocr_par' dir='ltr' id='par_1_3' title="bbox 240 2022 1794 2220">
     <span class='ocr_line' id='line_1_16' title="bbox 240 2022 1794 2114; baseline 0.004 -26"><span class='ocrx_word' id='word_1_154' title='bbox 240 2063 255 2088; x_wconf 49' lang='lat' dir='ltr'>s</span> <span class='ocrx_word' id='word_1_155' title='bbox 382 2029 546 2114; x_wconf 81' lang='lat' dir='ltr'>periculis</span> <span class='ocrx_word' id='word_1_156' title='bbox 560 2025 814 2108; x_wconf 85' lang='lat' dir='ltr'>jucundissima</span> <span class='ocrx_word' id='word_1_157' title='bbox 842 2043 915 2089; x_wconf 88' lang='lat' dir='ltr'>esse</span> <span class='ocrx_word' id='word_1_158' title='bbox 935 2024 1043 2104; x_wconf 76' lang='lat' dir='ltr'>solet3</span> <span class='ocrx_word' id='word_1_159' title='bbox 1073 2041 1179 2106; x_wconf 87' lang='lat' dir='ltr'>quare</span> <span class='ocrx_word' id='word_1_160' title='bbox 1199 2022 1231 2087; x_wconf 91' lang='lat' dir='ltr'>si</span> <span class='ocrx_word' id='word_1_161' title='bbox 1249 2023 1418 2090; x_wconf 82' lang='lat' dir='ltr'>retinetur</span> <span class='ocrx_word' id='word_1_162' title='bbox 1446 2025 1604 2092; x_wconf 89' lang='lat' dir='ltr'>omnium</span> <span class='ocrx_word' id='word_1_163' title='bbox 1622 2027 1794 2094; x_wconf 87' lang='lat' dir='ltr'>librorum</span> 
     </span>
     <span class='ocr_line' id='line_1_17' title="bbox 268 2127 1794 2220; baseline -0.004 -17"><span class='ocrx_word' id='word_1_164' title='bbox 268 2205 270 2213; x_wconf 52' lang='lat'>.</span> <span class='ocrx_word' id='word_1_165' title='bbox 380 2136 505 2220; x_wconf 90' lang='lat' dir='ltr'>lectio,</span> <span class='ocrx_word' id='word_1_166' title='bbox 525 2143 603 2220; x_wconf 89' lang='lat' dir='ltr'>post</span> <span class='ocrx_word' id='word_1_167' title='bbox 616 2127 796 2218; x_wconf 80' lang='lat' dir='ltr'>periculis</span> <span class='ocrx_word' id='word_1_168' title='bbox 814 2130 1141 2216; x_wconf 84' lang='lat' dir='ltr'>interpungendum.</span> <span class='ocrx_word' id='word_1_169' title='bbox 1160 2131 1228 2193; x_wconf 79' lang='lat' dir='ltr'>Aut</span> <span class='ocrx_word' id='word_1_170' title='bbox 1239 2129 1385 2217; x_wconf 87' lang='lat' dir='ltr'>abrupta</span> <span class='ocrx_word' id='word_1_171' title='bbox 1396 2139 1456 2195; x_wconf 87' lang='lat' dir='ltr'>aut</span> <span class='ocrx_word' id='word_1_172' title='bbox 1475 2141 1633 2198; x_wconf 88' lang='lat' dir='ltr'>contorta</span> <span class='ocrx_word' id='word_1_173' title='bbox 1640 2135 1704 2198; x_wconf 90' lang='lat' dir='ltr'>erit</span> <span class='ocrx_word' id='word_1_174' title='bbox 1717 2152 1794 2197; x_wconf 85' lang='lat' dir='ltr'>ora-</span> 
     </span>
    </p>
   </div>
   <div class='ocr_carea' id='block_1_4' title="bbox 292 2233 1811 4424">
    <p class='ocr_par' dir='ltr' id='par_1_4' title="bbox 292 2233 1795 3796">
     <span class='ocr_line' id='line_1_18' title="bbox 382 2233 1795 2325; baseline 0.001 -21"><span class='ocrx_word' id='word_1_175' title='bbox 382 2242 449 2325; x_wconf 91' lang='lat' dir='ltr'>tio,</span> <span class='ocrx_word' id='word_1_176' title='bbox 470 2258 712 2323; x_wconf 85' lang='lat' dir='ltr'>quamcunque</span> <span class='ocrx_word' id='word_1_177' title='bbox 730 2236 917 2303; x_wconf 88' lang='lat' dir='ltr'>lectionem</span> <span class='ocrx_word' id='word_1_178' title='bbox 937 2233 1144 2301; x_wconf 82' lang='lat' dir='ltr'>defenderis.</span> <span class='ocrx_word' id='word_1_179' title='bbox 1171 2233 1284 2316; x_wconf 88' lang='lat' dir='ltr'>Hujus</span> <span class='ocrx_word' id='word_1_180' title='bbox 1303 2236 1356 2304; x_wconf 89' lang='lat' dir='ltr'>rei</span> <span class='ocrx_word' id='word_1_181' title='bbox 1376 2255 1476 2302; x_wconf 88' lang='lat' dir='ltr'>causa</span> <span class='ocrx_word' id='word_1_182' title='bbox 1493 2235 1584 2302; x_wconf 89' lang='lat' dir='ltr'>mihi</span> <span class='ocrx_word' id='word_1_183' title='bbox 1603 2257 1678 2304; x_wconf 88' lang='lat' dir='ltr'>esse</span> <span class='ocrx_word' id='word_1_184' title='bbox 1696 2238 1795 2306; x_wconf 85' lang='lat' dir='ltr'>vide·</span> 
     </span>
     <span class='ocr_line' id='line_1_19' title="bbox 382 2339 1793 2446; baseline -0.001 -36"><span class='ocrx_word' id='word_1_185' title='bbox 382 2356 456 2431; x_wconf 91' lang='lat' dir='ltr'>tur,</span> <span class='ocrx_word' id='word_1_186' title='bbox 476 2341 573 2429; x_wconf 78' lang='lat' dir='ltr'>&#39;quod</span> <span class='ocrx_word' id='word_1_187' title='bbox 592 2346 687 2409; x_wconf 86' lang='lat' dir='ltr'>haud</span> <span class='ocrx_word' id='word_1_188' title='bbox 707 2343 814 2410; x_wconf 91' lang='lat' dir='ltr'>dubie</span> <span class='ocrx_word' id='word_1_189' title='bbox 835 2341 945 2427; x_wconf 86' lang='lat' dir='ltr'>ipsius</span> <span class='ocrx_word' id='word_1_190' title='bbox 965 2340 1123 2406; x_wconf 67' lang='lat' dir='ltr'>Catilina</span> <span class='ocrx_word' id='word_1_191' title='bbox 1149 2340 1255 2406; x_wconf 88' lang='lat' dir='ltr'>rerba</span> <span class='ocrx_word' id='word_1_192' title='bbox 1274 2339 1455 2410; x_wconf 86' lang='lat' dir='ltr'>immutata</span> <span class='ocrx_word' id='word_1_193' title='bbox 1474 2350 1594 2408; x_wconf 85' lang='lat' dir='ltr'>auctor</span> <span class='ocrx_word' id='word_1_194' title='bbox 1613 2343 1793 2446; x_wconf 80' lang='lat' dir='ltr'>expressit,</span> 
     </span>
     <span class='ocr_line' id='line_1_20' title="bbox 381 2445 1794 2538; baseline 0.003 -24"><span class='ocrx_word' id='word_1_195' title='bbox 381 2453 487 2515; x_wconf 90' lang='lat' dir='ltr'>totius</span> <span class='ocrx_word' id='word_1_196' title='bbox 506 2449 601 2516; x_wconf 87' lang='lat' dir='ltr'>enim</span> <span class='ocrx_word' id='word_1_197' title='bbox 625 2449 779 2535; x_wconf 75' lang='lat' dir='ltr'>epistolas</span> <span class='ocrx_word' id='word_1_198' title='bbox 807 2447 919 2514; x_wconf 88' lang='lat' dir='ltr'>oratio</span> <span class='ocrx_word' id='word_1_199' title='bbox 950 2465 972 2510; x_wconf 92' lang='lat' dir='ltr'>a</span> <span class='ocrx_word' id='word_1_200' title='bbox 1000 2445 1194 2512; x_wconf 84' lang='lat' dir='ltr'>Salustiana</span> <span class='ocrx_word' id='word_1_201' title='bbox 1221 2446 1362 2512; x_wconf 90' lang='lat' dir='ltr'>dicendi</span> <span class='ocrx_word' id='word_1_202' title='bbox 1393 2446 1527 2514; x_wconf 88' lang='lat' dir='ltr'>ratione</span> <span class='ocrx_word' id='word_1_203' title='bbox 1551 2449 1731 2538; x_wconf 83' lang='lat' dir='ltr'>abhorret,</span> <span class='ocrx_word' id='word_1_204' title='bbox 1760 2459 1794 2518; x_wconf 85' lang='lat' dir='ltr'>et</span> 
     </span>
     <span class='ocr_line' id='line_1_21' title="bbox 381 2547 1795 2636; baseline 0.003 -18"><span class='ocrx_word' id='word_1_205' title='bbox 381 2558 553 2618; x_wconf 87' lang='lat' dir='ltr'>turbatam</span> <span class='ocrx_word' id='word_1_206' title='bbox 572 2556 722 2620; x_wconf 89' lang='lat' dir='ltr'>auctoris</span> <span class='ocrx_word' id='word_1_207' title='bbox 742 2563 894 2621; x_wconf 87' lang='lat' dir='ltr'>mentem</span> <span class='ocrx_word' id='word_1_208' title='bbox 914 2552 1076 2630; x_wconf 77' lang='lat' dir='ltr'>ostendit.</span> <span class='ocrx_word' id='word_1_209' title='bbox 1095 2573 1226 2616; x_wconf 82' lang='lat' dir='ltr'>novum</span> <span class='ocrx_word' id='word_1_210' title='bbox 1248 2547 1443 2618; x_wconf 75' lang='lat' dir='ltr'>consilium</span> <span class='ocrx_word' id='word_1_211' title='bbox 1464 2552 1551 2620; x_wconf 86' lang='lat' dir='ltr'>dicit</span> <span class='ocrx_word' id='word_1_212' title='bbox 1584 2556 1795 2636; x_wconf 85' lang='lat' dir='ltr'>conjuratio·</span> 
     </span>
     <span class='ocr_line' id='line_1_22' title="bbox 382 2652 1795 2748; baseline 0.001 -24"><span class='ocrx_word' id='word_1_213' title='bbox 382 2679 486 2744; x_wconf 82' lang='lat' dir='ltr'>nem,</span> <span class='ocrx_word' id='word_1_214' title='bbox 503 2669 541 2722; x_wconf 95' lang='lat' dir='ltr'>ut</span> <span class='ocrx_word' id='word_1_215' title='bbox 558 2660 658 2724; x_wconf 79' lang='lat' dir='ltr'>verbi</span> <span class='ocrx_word' id='word_1_216' title='bbox 677 2657 820 2726; x_wconf 87' lang='lat' dir='ltr'>lenitate</span> <span class='ocrx_word' id='word_1_217' title='bbox 841 2677 914 2723; x_wconf 88' lang='lat' dir='ltr'>rem</span> <span class='ocrx_word' id='word_1_218' title='bbox 934 2654 1183 2720; x_wconf 85' lang='lat' dir='ltr'>atrocissimam</span> <span class='ocrx_word' id='word_1_219' title='bbox 1201 2656 1341 2722; x_wconf 83' lang='lat' dir='ltr'>levaret.</span> <span class='ocrx_word' id='word_1_220' title='bbox 1369 2652 1613 2748; x_wconf 81' lang='lat' dir='ltr'>defensionem</span> <span class='ocrx_word' id='word_1_221' title='bbox 1625 2695 1667 2713; x_wconf 90' lang='lat'><em>-</em></span> <span class='ocrx_word' id='word_1_222' title='bbox 1675 2681 1795 2746; x_wconf 83' lang='lat' dir='ltr'>para·</span> 
     </span>
     <span class='ocr_line' id='line_1_23' title="bbox 379 2761 1794 2854; baseline 0.001 -24"><span class='ocrx_word' id='word_1_223' title='bbox 379 2787 430 2830; x_wconf 81' lang='lat' dir='ltr'>re.</span> <span class='ocrx_word' id='word_1_224' title='bbox 452 2765 476 2833; x_wconf 88' lang='lat' dir='ltr'>i.</span> <span class='ocrx_word' id='word_1_225' title='bbox 497 2785 526 2830; x_wconf 86' lang='lat' dir='ltr'>e.</span> <span class='ocrx_word' id='word_1_226' title='bbox 547 2785 620 2829; x_wconf 90' lang='lat' dir='ltr'>non</span> <span class='ocrx_word' id='word_1_227' title='bbox 641 2773 804 2846; x_wconf 87' lang='lat' dir='ltr'>tanquam</span> <span class='ocrx_word' id='word_1_228' title='bbox 824 2763 864 2828; x_wconf 88' lang='lat' dir='ltr'>in</span> <span class='ocrx_word' id='word_1_229' title='bbox 879 2761 1024 2854; x_wconf 85' lang='lat' dir='ltr'>judicio¹</span> <span class='ocrx_word' id='word_1_230' title='bbox 1050 2779 1186 2826; x_wconf 77' lang='lat' dir='ltr'>csusm</span> <span class='ocrx_word' id='word_1_231' title='bbox 1215 2779 1343 2848; x_wconf 84' lang='lat' dir='ltr'>agam,</span> <span class='ocrx_word' id='word_1_232' title='bbox 1369 2765 1414 2826; x_wconf 89' lang='lat' dir='ltr'>ad</span> <span class='ocrx_word' id='word_1_233' title='bbox 1442 2771 1476 2830; x_wconf 91' lang='lat' dir='ltr'>te</span> <span class='ocrx_word' id='word_1_234' title='bbox 1504 2764 1662 2842; x_wconf 82' lang='lat' dir='ltr'>scribam.</span> <span class='ocrx_word' id='word_1_235' title='bbox 1681 2762 1794 2832; x_wconf 74' lang='lat' dir='ltr'>ratis·</span> 
     </span>
     <span class='ocr_line' id='line_1_24' title="bbox 369 2865 1791 2962; baseline 0.001 -27"><span class='ocrx_word' id='word_1_236' title='bbox 369 2867 497 2962; x_wconf 83' lang='lat' dir='ltr'>factio</span> <span class='ocrx_word' id='word_1_237' title='bbox 518 2871 542 2935; x_wconf 88' lang='lat' dir='ltr'>i.</span> <span class='ocrx_word' id='word_1_238' title='bbox 564 2891 593 2936; x_wconf 86' lang='lat' dir='ltr'>e.</span> <span class='ocrx_word' id='word_1_239' title='bbox 616 2869 803 2936; x_wconf 72' lang='lat' dir='ltr'>excusatio.¹</span> <span class='ocrx_word' id='word_1_240' title='bbox 819 2868 877 2933; x_wconf 87' lang='lat' dir='ltr'>cfr.</span> <span class='ocrx_word' id='word_1_241' title='bbox 899 2869 980 2934; x_wconf 77' lang='lat' dir='ltr'>Caes</span> <span class='ocrx_word' id='word_1_242' title='bbox 1003 2871 1037 2932; x_wconf 92' lang='lat' dir='ltr'>B.</span> <span class='ocrx_word' id='word_1_243' title='bbox 1060 2868 1101 2932; x_wconf 86' lang='lat' dir='ltr'>G.</span> <span class='ocrx_word' id='word_1_244' title='bbox 1121 2869 1152 2930; x_wconf 82' lang='lat'>6.</span> <span class='ocrx_word' id='word_1_245' title='bbox 1174 2867 1205 2936; x_wconf 82' lang='lat'>8.</span> <span class='ocrx_word' id='word_1_246' title='bbox 1226 2865 1295 2933; x_wconf 85' lang='lat' dir='ltr'>Cic.</span> <span class='ocrx_word' id='word_1_247' title='bbox 1317 2869 1378 2954; x_wconf 89' lang='lat' dir='ltr'>Ep.</span> <span class='ocrx_word' id='word_1_248' title='bbox 1397 2868 1475 2932; x_wconf 84' lang='lat' dir='ltr'>Dir.</span> <span class='ocrx_word' id='word_1_249' title='bbox 1496 2891 1526 2954; x_wconf 83' lang='lat'>7.</span> <span class='ocrx_word' id='word_1_250' title='bbox 1549 2873 1599 2937; x_wconf 76' lang='lat' dir='ltr'>rs.</span> <span class='ocrx_word' id='word_1_251' title='bbox 1618 2893 1665 2936; x_wconf 76' lang='lat' dir='ltr'>ea·</span> <span class='ocrx_word' id='word_1_252' title='bbox 1684 2873 1791 2962; x_wconf 68' lang='lat' dir='ltr'>nulla</span> 
     </span>
     <span class='ocr_line' id='line_1_25' title="bbox 378 2963 1791 3062; baseline -0.001 -21"><span class='ocrx_word' id='word_1_253' title='bbox 378 2987 441 3046; x_wconf 88' lang='lat' dir='ltr'>etc.</span> <span class='ocrx_word' id='word_1_254' title='bbox 465 2977 488 3042; x_wconf 90' lang='lat' dir='ltr'>i.</span> <span class='ocrx_word' id='word_1_255' title='bbox 510 2997 539 3042; x_wconf 91' lang='lat' dir='ltr'>e.</span> <span class='ocrx_word' id='word_1_256' title='bbox 561 2978 656 3059; x_wconf 91' lang='lat' dir='ltr'>quod</span> <span class='ocrx_word' id='word_1_257' title='bbox 676 2976 808 3040; x_wconf 90' lang='lat' dir='ltr'>nullius</span> <span class='ocrx_word' id='word_1_258' title='bbox 834 2975 943 3059; x_wconf 80' lang='lat' dir='ltr'>culpae</span> <span class='ocrx_word' id='word_1_259' title='bbox 962 2973 1054 3036; x_wconf 91' lang='lat' dir='ltr'>mihi</span> <span class='ocrx_word' id='word_1_260' title='bbox 1073 2971 1238 3037; x_wconf 87' lang='lat' dir='ltr'>conscius.</span> <span class='ocrx_word' id='word_1_261' title='bbox 1260 2971 1320 3040; x_wconf 77' lang='lat' dir='ltr'>ct&#39;r.</span> <span class='ocrx_word' id='word_1_262' title='bbox 1342 2975 1419 3060; x_wconf 81' lang='lat' dir='ltr'>lug.</span> <span class='ocrx_word' id='word_1_263' title='bbox 1440 2980 1490 3054; x_wconf 77' lang='lat'>39.</span> <span class='ocrx_word' id='word_1_264' title='bbox 1531 2976 1665 3062; x_wconf 68' lang='lat' dir='ltr'>consul</span> <span class='ocrx_word' id='word_1_265' title='bbox 1682 2963 1791 3044; x_wconf 74' lang='lat' dir='ltr'>Atri-</span> 
     </span>
     <span class='ocr_line' id='line_1_26' title="bbox 377 3072 1794 3164; baseline 0.001 -20"><span class='ocrx_word' id='word_1_266' title='bbox 377 3103 447 3146; x_wconf 83' lang='lat' dir='ltr'>nus</span> <span class='ocrx_word' id='word_1_267' title='bbox 466 3104 512 3146; x_wconf 76' lang='lat' dir='ltr'>ee</span> <span class='ocrx_word' id='word_1_268' title='bbox 532 3079 719 3147; x_wconf 82' lang='lat' dir='ltr'>delicto-</span> <span class='ocrx_word' id='word_1_269' title='bbox 740 3076 912 3146; x_wconf 81' lang='lat' dir='ltr'>invidiam</span> <span class='ocrx_word' id='word_1_270' title='bbox 934 3073 1086 3160; x_wconf 69' lang='lat' dir='ltr'>limem</span> <span class='ocrx_word' id='word_1_271' title='bbox 1108 3086 1142 3143; x_wconf 88' lang='lat' dir='ltr'>et</span> <span class='ocrx_word' id='word_1_272' title='bbox 1155 3079 1205 3146; x_wconf 77' lang='lat'>52·</span> <span class='ocrx_word' id='word_1_273' title='bbox 1227 3099 1272 3142; x_wconf 77' lang='lat' dir='ltr'>er</span> <span class='ocrx_word' id='word_1_274' title='bbox 1293 3072 1518 3145; x_wconf 80' lang='lat' dir='ltr'>conscientia</span> <span class='ocrx_word' id='word_1_275' title='bbox 1539 3075 1720 3164; x_wconf 65' lang='lat' dir='ltr'>diffidenti</span> <span class='ocrx_word' id='word_1_276' title='bbox 1736 3102 1794 3146; x_wconf 81' lang='lat' dir='ltr'>re·</span> 
     </span>
     <span class='ocr_line' id='line_1_27' title="bbox 365 3180 1793 3268; baseline 0.004 -22"><span class='ocrx_word' id='word_1_277' title='bbox 365 3183 444 3247; x_wconf 80' lang='lat' dir='ltr'>&#39;bus</span> <span class='ocrx_word' id='word_1_278' title='bbox 463 3183 540 3247; x_wconf 83' lang='lat' dir='ltr'>suis</span> <span class='ocrx_word' id='word_1_279' title='bbox 555 3187 752 3268; x_wconf 81' lang='lat' dir='ltr'>persuadet</span> <span class='ocrx_word' id='word_1_280' title='bbox 773 3223 814 3238; x_wconf 89' lang='lat'>-</span> <span class='ocrx_word' id='word_1_281' title='bbox 835 3180 1064 3250; x_wconf 77' lang='lat' dir='ltr'>conscientia</span> <span class='ocrx_word' id='word_1_282' title='bbox 1086 3185 1138 3248; x_wconf 87' lang='lat' dir='ltr'>de.</span> <span class='ocrx_word' id='word_1_283' title='bbox 1160 3185 1230 3248; x_wconf 87' lang='lat' dir='ltr'>Cic.</span> <span class='ocrx_word' id='word_1_284' title='bbox 1250 3185 1310 3268; x_wconf 89' lang='lat' dir='ltr'>Ep.</span> <span class='ocrx_word' id='word_1_285' title='bbox 1335 3185 1380 3248; x_wconf 85' lang='lat' dir='ltr'>ad</span> <span class='ocrx_word' id='word_1_286' title='bbox 1403 3184 1471 3247; x_wconf 80' lang='lat' dir='ltr'>Au.</span> <span class='ocrx_word' id='word_1_287' title='bbox 1493 3201 1521 3248; x_wconf 68' lang='grc' dir='ltr'>π.</span> <span class='ocrx_word' id='word_1_288' title='bbox 1537 3199 1587 3262; x_wconf 73' lang='lat' dir='ltr'>st·</span> <span class='ocrx_word' id='word_1_289' title='bbox 1609 3185 1666 3250; x_wconf 75' lang='lat' dir='ltr'>his</span> <span class='ocrx_word' id='word_1_290' title='bbox 1680 3185 1723 3250; x_wconf 81' lang='lat' dir='ltr'>de</span> <span class='ocrx_word' id='word_1_291' title='bbox 1735 3209 1793 3252; x_wconf 81' lang='lat' dir='ltr'>re·</span> 
     </span>
     <span class='ocr_line' id='line_1_28' title="bbox 378 3283 1792 3376; baseline 0.005 -25"><span class='ocrx_word' id='word_1_292' title='bbox 378 3289 444 3352; x_wconf 85' lang='lat' dir='ltr'>bus</span> <span class='ocrx_word' id='word_1_293' title='bbox 465 3283 651 3354; x_wconf 83' lang='lat' dir='ltr'>conscium</span> <span class='ocrx_word' id='word_1_294' title='bbox 673 3307 746 3350; x_wconf 85' lang='lat' dir='ltr'>esse</span> <span class='ocrx_word' id='word_1_295' title='bbox 766 3285 937 3350; x_wconf 77' lang='lat' dir='ltr'>Pisonem</span> <span class='ocrx_word' id='word_1_296' title='bbox 958 3295 1022 3350; x_wconf 90' lang='lat' dir='ltr'>etc.</span> <span class='ocrx_word' id='word_1_297' title='bbox 1034 3289 1097 3350; x_wconf 90' lang='lat' dir='ltr'>sed</span> <span class='ocrx_word' id='word_1_298' title='bbox 1116 3287 1377 3370; x_wconf 74' lang='lat' dir='ltr'>praepositiones</span> <span class='ocrx_word' id='word_1_299' title='bbox 1397 3289 1475 3356; x_wconf 91' lang='lat' dir='ltr'>loco</span> <span class='ocrx_word' id='word_1_300' title='bbox 1497 3289 1642 3376; x_wconf 86' lang='lat' dir='ltr'>genitivi</span> <span class='ocrx_word' id='word_1_301' title='bbox 1659 3310 1792 3375; x_wconf 86' lang='lat' dir='ltr'>ponere</span> 
     </span>
     <span class='ocr_line' id='line_1_29' title="bbox 376 3383 1793 3474; baseline 0.004 -20"><span class='ocrx_word' id='word_1_302' title='bbox 376 3393 494 3456; x_wconf 86' lang='lat' dir='ltr'>Tacito</span> <span class='ocrx_word' id='word_1_303' title='bbox 516 3392 662 3457; x_wconf 86' lang='lat' dir='ltr'>maxime</span> <span class='ocrx_word' id='word_1_304' title='bbox 682 3389 846 3454; x_wconf 89' lang='lat' dir='ltr'>usitatum</span> <span class='ocrx_word' id='word_1_305' title='bbox 865 3397 924 3452; x_wconf 87' lang='lat' dir='ltr'>est.</span> <span class='ocrx_word' id='word_1_306' title='bbox 966 3385 1063 3454; x_wconf 82' lang='lat' dir='ltr'>Dius</span> <span class='ocrx_word' id='word_1_307' title='bbox 1094 3383 1227 3457; x_wconf 79' lang='lat' dir='ltr'>Fidius.</span> <span class='ocrx_word' id='word_1_308' title='bbox 1270 3409 1374 3474; x_wconf 90' lang='lat' dir='ltr'>quem</span> <span class='ocrx_word' id='word_1_309' title='bbox 1401 3393 1512 3460; x_wconf 82' lang='lat' dir='ltr'>Graeci</span> <span class='ocrx_word' id='word_1_310' title='bbox 1531 3393 1590 3464; x_wconf 75' lang='lat' dir='ltr'>ola</span> <span class='ocrx_word' id='word_1_311' title='bbox 1607 3393 1717 3470; x_wconf 75' lang='grc' dir='ltr'><strong><em>πίσἹιον</em></strong></span> <span class='ocrx_word' id='word_1_312' title='bbox 1735 3396 1793 3460; x_wconf 91' lang='lat' dir='ltr'>di·</span> 
     </span>
     <span class='ocr_line' id='line_1_30' title="bbox 292 3493 1792 3586; baseline 0.005 -28"><span class='ocrx_word' id='word_1_313' title='bbox 292 3536 294 3542; x_wconf 32' lang='lat' dir='ltr'>r</span> <span class='ocrx_word' id='word_1_314' title='bbox 378 3503 469 3558; x_wconf 87' lang='lat' dir='ltr'>cunt.</span> <span class='ocrx_word' id='word_1_315' title='bbox 492 3495 553 3558; x_wconf 77' lang='lat' dir='ltr'>cfr.</span> <span class='ocrx_word' id='word_1_316' title='bbox 574 3495 677 3558; x_wconf 88' lang='lat' dir='ltr'>Dion.</span> <span class='ocrx_word' id='word_1_317' title='bbox 698 3493 810 3560; x_wconf 90' lang='lat' dir='ltr'>Halic.</span> <span class='ocrx_word' id='word_1_318' title='bbox 830 3511 860 3558; x_wconf 78' lang='lat' dir='ltr'>a.</span> <span class='ocrx_word' id='word_1_319' title='bbox 883 3507 939 3570; x_wconf 70' lang='lat'>495</span> <span class='ocrx_word' id='word_1_320' title='bbox 960 3501 993 3556; x_wconf 92' lang='lat' dir='ltr'>et</span> <span class='ocrx_word' id='word_1_321' title='bbox 1010 3515 1039 3572; x_wconf 84' lang='lat'>9.</span> <span class='ocrx_word' id='word_1_322' title='bbox 1054 3495 1104 3555; x_wconf 82' lang='lat' dir='ltr'>so.</span> <span class='ocrx_word' id='word_1_323' title='bbox 1113 3494 1229 3556; x_wconf 87' lang='lat' dir='ltr'>Latini</span> <span class='ocrx_word' id='word_1_324' title='bbox 1249 3497 1471 3584; x_wconf 86' lang='lat' dir='ltr'>Grammatici</span> <span class='ocrx_word' id='word_1_325' title='bbox 1488 3519 1669 3586; x_wconf 87' lang='lat' dir='ltr'>perperam</span> <span class='ocrx_word' id='word_1_326' title='bbox 1693 3501 1792 3568; x_wconf 82' lang='lat' dir='ltr'>Jovis</span> 
     </span>
     <span class='ocr_line' id='line_1_31' title="bbox 375 3596 1792 3682; baseline 0.003 -18"><span class='ocrx_word' id='word_1_327' title='bbox 375 3599 488 3664; x_wconf 88' lang='lat' dir='ltr'>filium</span> <span class='ocrx_word' id='word_1_328' title='bbox 509 3599 798 3682; x_wconf 86' lang='lat' dir='ltr'>interpretantur,</span> <span class='ocrx_word' id='word_1_329' title='bbox 820 3596 1038 3676; x_wconf 88' lang='lat' dir='ltr'>eundemque</span> <span class='ocrx_word' id='word_1_330' title='bbox 1060 3614 1139 3658; x_wconf 90' lang='lat' dir='ltr'>cum</span> <span class='ocrx_word' id='word_1_331' title='bbox 1174 3599 1342 3682; x_wconf 86' lang='lat' dir='ltr'>Hercule,</span> <span class='ocrx_word' id='word_1_332' title='bbox 1363 3603 1473 3668; x_wconf 86' lang='lat' dir='ltr'>Sanco</span> <span class='ocrx_word' id='word_1_333' title='bbox 1494 3613 1529 3670; x_wconf 90' lang='lat' dir='ltr'>et</span> <span class='ocrx_word' id='word_1_334' title='bbox 1551 3603 1698 3673; x_wconf 85' lang='lat' dir='ltr'>Semone</span> <span class='ocrx_word' id='word_1_335' title='bbox 1717 3625 1792 3674; x_wconf 81' lang='lat' dir='ltr'>esse</span> 
     </span>
     <span class='ocr_line' id='line_1_32' title="bbox 375 3699 1775 3796; baseline 0.004 -26"><span class='ocrx_word' id='word_1_336' title='bbox 375 3717 507 3790; x_wconf 85' lang='lat' dir='ltr'>putant.</span> <span class='ocrx_word' id='word_1_337' title='bbox 527 3705 587 3770; x_wconf 83' lang='lat' dir='ltr'>cfr.</span> <span class='ocrx_word' id='word_1_338' title='bbox 609 3703 943 3780; x_wconf 76' lang='lat' dir='ltr'>VarroLL4.1o;</span> <span class='ocrx_word' id='word_1_339' title='bbox 969 3699 1055 3764; x_wconf 87' lang='lat' dir='ltr'>Fest.</span> <span class='ocrx_word' id='word_1_340' title='bbox 1073 3719 1100 3770; x_wconf 81' lang='lat' dir='ltr'>s,</span> <span class='ocrx_word' id='word_1_341' title='bbox 1115 3721 1146 3764; x_wconf 80' lang='lat' dir='ltr'>v.</span> <span class='ocrx_word' id='word_1_342' title='bbox 1168 3703 1270 3768; x_wconf 85' lang='lat' dir='ltr'>Ovid.</span> <span class='ocrx_word' id='word_1_343' title='bbox 1287 3705 1373 3776; x_wconf 87' lang='lat' dir='ltr'>Fast.</span> <span class='ocrx_word' id='word_1_344' title='bbox 1389 3709 1418 3769; x_wconf 88' lang='grc'>6.</span> <span class='ocrx_word' id='word_1_345' title='bbox 1438 3713 1494 3772; x_wconf 81' lang='lat'>213</span> <span class='ocrx_word' id='word_1_346' title='bbox 1526 3729 1632 3794; x_wconf 88' lang='lat' dir='ltr'>quam</span> <span class='ocrx_word' id='word_1_347' title='bbox 1653 3711 1775 3796; x_wconf 87' lang='lat' dir='ltr'>opinio</span> 
     </span>
    </p>

    <p class='ocr_par' dir='ltr' id='par_1_5' title="bbox 373 3805 1811 4424">
     <span class='ocr_line' id='line_1_33' title="bbox 376 3805 1790 3904; baseline 0.006 -32"><span class='ocrx_word' id='word_1_348' title='bbox 376 3831 454 3874; x_wconf 81' lang='lat' dir='ltr'>nem</span> <span class='ocrx_word' id='word_1_349' title='bbox 465 3833 526 3876; x_wconf 87' lang='lat' dir='ltr'>eos</span> <span class='ocrx_word' id='word_1_350' title='bbox 535 3809 731 3896; x_wconf 85' lang='lat' dir='ltr'>concepisse</span> <span class='ocrx_word' id='word_1_351' title='bbox 744 3805 927 3893; x_wconf 86' lang='lat' dir='ltr'>putaveris,</span> <span class='ocrx_word' id='word_1_352' title='bbox 947 3809 1042 3890; x_wconf 87' lang='lat' dir='ltr'>quod</span> <span class='ocrx_word' id='word_1_353' title='bbox 1054 3808 1283 3898; x_wconf 83' lang='lat' dir='ltr'>mehercules,</span> <span class='ocrx_word' id='word_1_354' title='bbox 1297 3821 1473 3898; x_wconf 87' lang='lat' dir='ltr'>mecastor,</span> <span class='ocrx_word' id='word_1_355' title='bbox 1489 3815 1660 3904; x_wconf 81' lang='lat' dir='ltr'>dixerunt,</span> <span class='ocrx_word' id='word_1_356' title='bbox 1671 3825 1704 3881; x_wconf 94' lang='lat' dir='ltr'>et</span> <span class='ocrx_word' id='word_1_357' title='bbox 1717 3836 1790 3881; x_wconf 86' lang='lat' dir='ltr'>non</span> 
     </span>
     <span class='ocr_line' id='line_1_34' title="bbox 375 3911 1791 4007; baseline 0.004 -29"><span class='ocrx_word' id='word_1_358' title='bbox 375 3916 444 3979; x_wconf 88' lang='lat' dir='ltr'>nisi</span> <span class='ocrx_word' id='word_1_359' title='bbox 463 3935 526 3999; x_wconf 89' lang='lat' dir='ltr'>per</span> <span class='ocrx_word' id='word_1_360' title='bbox 550 3917 646 3978; x_wconf 85' lang='lat' dir='ltr'>lovis</span> <span class='ocrx_word' id='word_1_361' title='bbox 665 3915 757 3978; x_wconf 89' lang='lat' dir='ltr'>filios</span> <span class='ocrx_word' id='word_1_362' title='bbox 772 3911 885 3992; x_wconf 89' lang='lat' dir='ltr'>jurari</span> <span class='ocrx_word' id='word_1_363' title='bbox 904 3931 1003 3994; x_wconf 90' lang='lat' dir='ltr'>posse</span> <span class='ocrx_word' id='word_1_364' title='bbox 1024 3922 1223 3982; x_wconf 88' lang='lat' dir='ltr'>statuerunt.</span> <span class='ocrx_word' id='word_1_365' title='bbox 1251 3917 1320 3980; x_wconf 84' lang='lat' dir='ltr'>Sed</span> <span class='ocrx_word' id='word_1_366' title='bbox 1341 3925 1431 3982; x_wconf 88' lang='lat' dir='ltr'>recte</span> <span class='ocrx_word' id='word_1_367' title='bbox 1451 3920 1588 3990; x_wconf 74' lang='lat' dir='ltr'>Graecos</span> <span class='ocrx_word' id='word_1_368' title='bbox 1608 3922 1791 4007; x_wconf 86' lang='lat' dir='ltr'>scriptores</span> 
     </span>
     <span class='ocr_line' id='line_1_35' title="bbox 375 4016 1790 4100; baseline 0.004 -15"><span class='ocrx_word' id='word_1_369' title='bbox 375 4021 479 4085; x_wconf 88' lang='lat' dir='ltr'>illum</span> <span class='ocrx_word' id='word_1_370' title='bbox 495 4019 639 4099; x_wconf 88' lang='lat' dir='ltr'>jurandi</span> <span class='ocrx_word' id='word_1_371' title='bbox 659 4017 844 4083; x_wconf 85' lang='lat' dir='ltr'>formulam</span> <span class='ocrx_word' id='word_1_372' title='bbox 866 4016 1107 4100; x_wconf 84' lang='lat' dir='ltr'>interpretatos</span> <span class='ocrx_word' id='word_1_373' title='bbox 1126 4038 1197 4083; x_wconf 88' lang='lat' dir='ltr'>esse</span> <span class='ocrx_word' id='word_1_374' title='bbox 1219 4019 1364 4083; x_wconf 89' lang='lat' dir='ltr'>dubium</span> <span class='ocrx_word' id='word_1_375' title='bbox 1383 4041 1455 4085; x_wconf 90' lang='lat' dir='ltr'>non</span> <span class='ocrx_word' id='word_1_376' title='bbox 1474 4033 1535 4093; x_wconf 87' lang='lat' dir='ltr'>est.</span> <span class='ocrx_word' id='word_1_377' title='bbox 1564 4025 1656 4092; x_wconf 88' lang='lat' dir='ltr'>Fieri</span> <span class='ocrx_word' id='word_1_378' title='bbox 1672 4035 1790 4092; x_wconf 86' lang='lat' dir='ltr'>autem</span> 
     </span>
     <span class='ocr_line' id='line_1_36' title="bbox 374 4120 1811 4212; baseline 0.003 -20"><span class='ocrx_word' id='word_1_379' title='bbox 374 4137 502 4212; x_wconf 89' lang='lat' dir='ltr'>potest,</span> <span class='ocrx_word' id='word_1_380' title='bbox 535 4133 572 4188; x_wconf 90' lang='lat' dir='ltr'>ut</span> <span class='ocrx_word' id='word_1_381' title='bbox 601 4121 747 4185; x_wconf 89' lang='lat' dir='ltr'>Sabinus</span> <span class='ocrx_word' id='word_1_382' title='bbox 774 4120 836 4184; x_wconf 93' lang='lat' dir='ltr'>ille</span> <span class='ocrx_word' id='word_1_383' title='bbox 867 4123 950 4182; x_wconf 89' lang='lat' dir='ltr'>deus</span> <span class='ocrx_word' id='word_1_384' title='bbox 975 4121 1102 4186; x_wconf 86' lang='lat' dir='ltr'>Sancus</span> <span class='ocrx_word' id='word_1_385' title='bbox 1129 4123 1347 4207; x_wconf 88' lang='lat' dir='ltr'>potissimum</span> <span class='ocrx_word' id='word_1_386' title='bbox 1372 4125 1456 4190; x_wconf 90' lang='lat' dir='ltr'>fidei</span> <span class='ocrx_word' id='word_1_387' title='bbox 1476 4133 1649 4196; x_wconf 74' lang='lat' dir='ltr'>servandas</span> <span class='ocrx_word' id='word_1_388' title='bbox 1669 4141 1811 4198; x_wconf 82' lang='lat' dir='ltr'>auctor·</span> 
     </span>
     <span class='ocr_line' id='line_1_37' title="bbox 376 4222 1790 4332; baseline 0.004 -34"><span class='ocrx_word' id='word_1_389' title='bbox 376 4253 446 4298; x_wconf 89' lang='lat' dir='ltr'>esse</span> <span class='ocrx_word' id='word_1_390' title='bbox 466 4240 653 4320; x_wconf 82' lang='lat' dir='ltr'>putaretur.</span> <span class='ocrx_word' id='word_1_391' title='bbox 693 4245 883 4314; x_wconf 80' lang='lat' dir='ltr'>agnoscas.</span> <span class='ocrx_word' id='word_1_392' title='bbox 904 4224 1000 4286; x_wconf 86' lang='lat' dir='ltr'>Barb.</span> <span class='ocrx_word' id='word_1_393' title='bbox 1026 4248 1052 4288; x_wconf 89' lang='lat' dir='ltr'>r.</span> <span class='ocrx_word' id='word_1_394' title='bbox 1094 4222 1243 4312; x_wconf 79' lang='lat' dir='ltr'>injuriis</span> <span class='ocrx_word' id='word_1_395' title='bbox 1264 4236 1326 4292; x_wconf 91' lang='lat' dir='ltr'>etc.</span> <span class='ocrx_word' id='word_1_396' title='bbox 1356 4231 1523 4321; x_wconf 86' lang='lat' dir='ltr'>repulsas,</span> <span class='ocrx_word' id='word_1_397' title='bbox 1541 4257 1627 4319; x_wconf 84' lang='lat' dir='ltr'>quas</span> <span class='ocrx_word' id='word_1_398' title='bbox 1648 4237 1790 4332; x_wconf 85' lang='lat' dir='ltr'>tulerit,</span> 
     </span>
     <span class='ocr_line' id='line_1_38' title="bbox 373 4327 1789 4424; baseline 0.006 -25"><span class='ocrx_word' id='word_1_399' title='bbox 373 4337 558 4424; x_wconf 69' lang='lat' dir='ltr'>intelligit,</span> <span class='ocrx_word' id='word_1_400' title='bbox 610 4332 668 4401; x_wconf 86' lang='lat' dir='ltr'>sed</span> <span class='ocrx_word' id='word_1_401' title='bbox 697 4330 813 4410; x_wconf 51' lang='lat' dir='ltr'>miror,</span> <span class='ocrx_word' id='word_1_402' title='bbox 835 4327 990 4396; x_wconf 87' lang='lat' dir='ltr'>Cortium</span> <span class='ocrx_word' id='word_1_403' title='bbox 1019 4349 1213 4415; x_wconf 88' lang='lat' dir='ltr'>pronomen</span> <span class='ocrx_word' id='word_1_404' title='bbox 1247 4335 1474 4418; x_wconf 78' lang='lat' dir='ltr'>possessivum</span> <span class='ocrx_word' id='word_1_405' title='bbox 1513 4361 1615 4407; x_wconf 83' lang='lat' dir='ltr'>meae</span> <span class='ocrx_word' id='word_1_406' title='bbox 1648 4361 1721 4408; x_wconf 89' lang='lat' dir='ltr'>non</span> <span class='ocrx_word' id='word_1_407' title='bbox 1749 4342 1789 4414; x_wconf 88' lang='lat' dir='ltr'>in</span> 
     </span>
    </p>
   </div>
   <div class='ocr_carea' id='block_1_5' title="bbox 0 0 2058 4974">
    <p class='ocr_par' dir='ltr' id='par_1_6' title="bbox 0 0 2058 4974">
     <span class='ocr_line' id='line_1_39' title="bbox 0 0 2058 4974; baseline 0 5"><span class='ocrx_word' id='word_1_408' title='bbox 0 0 2058 4974; x_wconf 95' lang='lat' dir='ltr'> </span> 
     </span>
    </p>
   </div>
  </div>
 </body>
</html>
