4106 4974
1600 385 1670 485 195

266 605 328 652 vus
349 591 418 650 out
434 577 574 670 falsum
595 583 765 651 renidens
783 588 896 652 vultu.
924 586 1014 652 Anu.
1028 607 1058 669 7.
1072 587 1123 667 ³7·
1163 581 1392 652 Nunoiotere
1410 581 1578 666 accolae,
1596 580 1672 648 Eu·

257 691 421 776 phroten
440 673 547 762 nullo
564 686 736 758 imbrium
757 688 800 777 ri,
818 700 948 777 sponte
967 701 1003 758 et
1023 689 1236 757 immensum
1256 679 1394 751 attolli.
1415 682 1673 752 elr.Non.Mnr-

263 796 341 864 cell.
361 818 409 861 11.
431 799 570 882 celere,
599 797 712 864 sutile.
731 798 897 862 Rnddim.
916 801 999 862 Inst.
1020 801 1108 874 L,L.
1122 813 1152 870 a.
1173 815 1252 881 pag.
1272 794 1342 874 ¹⁵9·
1362 811 1506 857 curare.
1526 794 1672 860 verbum

256 903 332 968 -bao
351 901 605 990 significatione
623 907 717 988 apud
737 903 922 968 Salustium
943 904 1116 986 frequens.
1136 901 1286 985 clnlug.
1302 901 1352 981 67.
1366 899 1417 976 45.
1437 917 1507 963 roo.
1527 897 1671 964 elnLir.

260 1029 293 1088 ⁴7.
309 1011 361 1072 26.
384 1029 517 1073 rurore
532 1007 664 1072 bellum
675 1005 903 1073 maritimum
913 1047 951 1069 .-
959 1006 1096 1075 eolonr'.
1113 1007 1222 1072 iidem
1241 1003 1298 1072 illi
1318 1003 1449 1076 evoosti
1467 1012 1549 1068 sunt
1568 1003 1671 1070 intel-

173 1173 181 1184 ,
259 1113 417 1200 ligendi,
437 1115 501 1196 qui
519 1113 639 1178 coloni
658 1132 680 1177 e
699 1115 796 1181 Sulla
814 1115 854 1179 in
874 1114 1046 1180 Etruriam
1065 1112 1177 1194 missi,
1198 1109 1382 1178 acatiline
1396 1112 1529 1177 evocati
1541 1111 1669 1176 iterum
1778 1162 1784 1177 ,

255 1219 690 1306 patriaebellumieoernnt.
704 1221 891 1306 propteri.
900 1241 929 1286 e.
937 1239 1063 1308 prope,
1086 1222 1179 1306 opud
1187 1219 1356 1306 optimum
1378 1237 1550 1318 quemque
1560 1217 1667 1302 scrip-

257 1331 370 1400 torem
382 1325 541 1390 occurrit.
554 1326 626 1400 Cic.
637 1331 678 1396 N.
687 1327 773 1396 1).3.
787 1349 837 1391 ss.
849 1328 1042 1394 Vulcanus
1054 1321 1174 1392 tenuit
1183 1322 1325 1390 insutas
1327 1332 1486 1409 propter
1492 1319 1667 1388 Siciliam.

257 1431 399 1498 ΔΜΒ.
410 1431 573 1514 Afric37.
589 1439 746 1517 propter
763 1453 866 1498 mare
884 1428 1045 1520 legiones
1065 1427 1189 1516 ducit,
1209 1439 1244 1496 et
1264 1436 1314 1513 73.
1329 1436 1489 1516 propter
1505 1427 1666 1493 hostium

257 1543 386 1603 castro
401 1536 708 1627 praetergressus.
728 1536 792 1604 cfr.
807 1539 880 1612 liv,
893 1557 972 1620 μς
987 1539 1039 1616 46.
1057 1541 1116 1616 464
1136 1543 1186 1614 34.
1199 1541 1249 1602 32.
1269 1532 1460 1620 Aquilam.
1472 1533 1625 1598 (lineat.
1637 1554 1663 1596 ι.

256 1659 289 1720 9.
322 1639 483 1724 Aquilam
504 1661 643 1707 auream
663 1643 719 1708 rel
738 1653 936 1731 argenteam
955 1644 1060 1710 firisse
1079 1643 1160 1708 satis
1181 1651 1326 1722 constat„
1342 1641 1542 1724 Antiquitus
1570 1640 1666 1724 apud

255 1745 483 1833 riarioserat,
502 1751 562 1813 sed
574 1747 738 1820 Marianae
746 1751 882 1816 militie
890 1751 1082 1815 mutatione
1090 1753 1134 1813 ad
1141 1750 1291 1834 primam
1302 1747 1412 1813 aciem
1424 1746 1588 1811 translata
1600 1752 1661 1812 est.

255 1853 293 1915 ss,
307 1851 371 1926 cfr.
392 1853 462 1919 Dio
474 1857 563 1918 Coss.
573 1855 643 1922 Lx.
660 1856 709 1933 sd.
720 1855 859 1922 Salmas.
873 1857 917 1919 de
925 1854 1002 1923 Mil.
1016 1857 1127 1924 v1.-
1147 1851 1302 1937 pedibus
1321 1874 1438 1944 aeger.
1457 1855 1552 1917 hunc
1571 1869 1665 1914 mor·

254 1957 342 2022 sum
361 1958 565 2024 ,mustum
584 1958 691 2024 ense
713 1960 1109 2045 reminiscamur,
1121 1966 1172 2043 ³9.
1194 1955 1294 2036 ..nn
1311 1957 1372 2047 pt.
1393 1951 1479 2030 mn
1497 1957 1662 2054 nuent.

252 2091 347 2140 eure,
374 2063 491 2165 Μάρκῳ
510 2063 546 2138 li
571 2056 689 2166 nilpeip
705 2063 756 2142 tir
773 2063 884 2158 μάχην
911 2064 1065 2166 ι’πίΊςυψι.
1102 2066 1248 2150 proelio
1269 2067 1403 2138 adesse.
1443 2063 1576 2129 eortius
1596 2063 1662 2138 lal-

154 2240 161 2252 ,
252 2187 292 2234 so
319 2179 514 2255 suspectum
544 2172 678 2240 hebuit.
711 2173 792 2237 ride
809 2174 969 2258 iugurth.
992 2191 1075 2256 caps
1088 2185 1138 2253 74.
1180 2193 1253 2254 qua
1274 2193 1342 2236 ree
1354 2189 1506 2259 pugnae
1525 2164 1659 2260 adfuit.

251 2272 477 2366 MPetrejo.
496 2275 577 2340 vide
591 2276 660 2340 Cic.
684 2278 743 2342 Or.
763 2295 828 2362 pro
847 2277 963 2343 Sextio
984 2280 1014 2342 5.
1033 2297 1155 2363 parum
1177 2285 1324 2359 constet,
1344 2297 1429 2340 num
1450 2275 1544 2340 idem
1563 2281 1660 2360 post-

251 2397 294 2446 es
313 2382 375 2450 Cn.
395 2381 552 2466 Pompeji
571 2382 704 2470 legatus
722 2381 848 2469 fuerit,
868 2387 999 2468 dequo
1018 2384 1100 2450 vide
1124 2386 1220 2454 Auot.
1234 2388 1270 2449 B.
1284 2384 1388 2450 Atrio.
1404 2399 1454 2466 94.
1469 2405 1517 2465 19·
1537 2387 1571 2450 B.
1584 2382 1657 2457 Giv,

254 2507 281 2548 t.
293 2488 346 2556 36.
362 2489 414 2568 75.
434 2490 483 2569 76.
504 2488 702 2553 noeroitum
717 2486 914 2573 permittit.
932 2495 1010 2579 lug.
1027 2493 1077 2570 64.
1088 2487 1336 2575 ᾰίιιιίᾰὺιρανε
1348 2487 1532 2556 exercitus
1545 2483 1659 2553 sisini

244 2588 539 2676 permitteretur.
558 2597 680 2660 Horat.
691 2597 801 2682 Satyr.
816 2616 843 2663 1.
855 2601 885 2662 3.
899 2601 966 2668 12³.
986 2595 1022 2662 si
1040 2595 1111 2662 tibi
1124 2619 1278 2689 regnum
1293 2593 1518 2682 permittent
1538 2589 1656 2660 homi·

117 2769 119 2772 ,
249 2697 547 2766 neo-veterani
563 2701 705 2787 proprie
724 2702 753 2768 ii
774 2703 991 2789 dicebantur,
1011 2705 1073 2787 qui
1091 2704 1218 2793 viginti
1239 2703 1395 2787 quinque
1414 2701 1588 2800 stipendia
1604 2700 1657 2767 ie-

248 2811 375 2870 oeront.
400 2809 546 2872 tumult.
568 2809 673 2872 habet
692 2809 778 2875 Ven.
795 2833 822 2871 1.
843 2808 996 2874 tumulti
1013 2811 1052 2872 in
1071 2814 1139 2874 boo
1157 2813 1236 2874 loco
1257 2811 1377 2874 laudat
1390 2816 1477 2874 Non.
1502 2809 1670 2894 Marcell.¹
1729 2797 1733 2806 ’

182 2893 187 2898 ’
247 2908 279 2972 8.
295 2911 345 2973 io.
387 2913 569 2974 tumultus
588 2911 768 2976 dicebatur
785 2914 917 2976 bellum
935 2913 1105 2998 subitum,
1124 2915 1187 2977 ubi
1206 2917 1249 2978 ab
1270 2914 1433 2980 omnibus
1452 2915 1586 2980 civibus
1603 2933 1655 2978 sa·

153 3062 156 3070 ⁴
245 3015 330 3102 'gum
350 3016 550 3079 sumebatur
569 3035 633 3080 nec
652 3016 726 3078 ulla
745 3018 856 3082 aetatis
872 3019 1043 3082 excusatio
1073 3009 1155 3084 erat.
1178 3020 1238 3088 cfr.
1258 3019 1459 3084 Ciceronem
1484 3022 1528 3083 dc
1550 3009 1654 3102 huJ'us

246 3118 601 3206 rorissignificatione
617 3120 848 3204 disputantem
858 3123 1011 3207 Philipp.
1024 3124 1053 3184 6.
1068 3139 1114 3186 rs.
1135 3131 1293 3188 ceterum
1306 3123 1329 3192 i.
1338 3145 1367 3190 e.
1376 3124 1561 3210 reliquum
1581 3127 1652 3193 sin·

245 3225 378 3312 gularis
397 3245 560 3292 numerus
580 3229 672 3311 opud
692 3228 759 3291 Sal.
780 3227 950 3312 frequens.
978 3249 1091 3312 neque
1112 3231 1205 3313 apud
1224 3230 1428 3296 Ciceronem
1455 3241 1489 3296 et
1508 3233 1647 3299 Livium

246 3332 437 3402 insolitum.
466 3333 535 3401 Cic.
563 3335 647 3418 Epp.
675 3334 743 3400 Au.
774 3337 803 3397 6.
832 3351 861 3398 a.
889 3337 934 3400 de
965 3337 1089 3404 lurco.
1132 3352 1180 3417 29.
1208 3336 1248 3399 in
1267 3330 1363 3402 Verr.
1385 3339 1415 3406 6.
1432 3356 1482 3403 22.
1502 3339 1577 3408 Liv.
1599 3345 1650 3419 34.

244 3440 303 3519 ³63
324 3461 374 3508 ss.
403 3459 450 3504 no.
492 3443 574 3506 Cato
601 3444 643 3505 li.
671 3445 713 3505 lt.
746 3456 814 3518 ιο4.
859 3463 925 3532 neo
956 3437 1188 3508 commisceas
1216 3463 1299 3506 oum
1328 3451 1450 3510 cetero
1474 3443 1572 3516 vino.
1608 3483 1650 3502 -

246 3553 290 3609 ut
309 3543 550 3612 meminerint.
578 3555 631 3611 ut.
652 3568 723 3613 om.
753 3550 828 3615 Vat.
854 3550 883 3611 6.
913 3542 1020 3639 focis
1047 3544 1135 3614 suis.
1172 3567 1366 3632 pronomen
1396 3554 1650 3641 possessivum,

245 3654 340 3734 quod
378 3653 498 3718 multis
531 3654 618 3721 locis
648 3656 849 3721 deleverunt
874 3653 1109 3740 interpretes,
1148 3656 1215 3717 hoc
1251 3656 1329 3720 loco
1370 3656 1536 3722 intactum
1568 3661 1650 3725 reli·

245 3769 404 3841 querunt.
441 3762 502 3826 sed
531 3761 613 3824 talia
638 3763 715 3825 loca
747 3762 916 3843 notendo,
942 3781 988 3824 ne
1010 3758 1197 3822 Salustium
1218 3761 1350 3842 ubique
1369 3761 1523 3828 omisisse
1542 3771 1649 3830 etatu-

244 3882 358 3950 ernus,
378 3885 455 3947 quer
475 3867 569 3931 salvo
588 3868 824 3933 sensuomitti
842 3885 942 3952 posse
960 3866 1132 3929 ridentur.
1147 3861 1361 3957 praefectus
1380 3865 1406 3930 i.
1423 3887 1452 3933 e.
1474 3871 1647 3938 sociorum

244 3969 513 4035 etruriliarium.
533 3972 690 4056 quomis
701 3973 795 4038 enim
814 3970 1052 4058 prefectorum
1072 3969 1168 4036 varia
1188 3990 1325 4058 genera,
1344 3981 1475 4061 tamen,
1491 3997 1569 4042 cum
1586 3999 1647 4066 ge·

243 4073 373 4138 nitirus
388 4096 459 4139 non
475 4079 627 4155 additur,
647 4081 700 4164 (e.
713 4100 765 4166 gr.
781 4077 936 4163 fabrum,
956 4086 1162 4165 castrorum,
1181 4078 1295 4165 urbis,
1315 4079 1453 4166 classis)
1473 4085 1646 4149 sociorum
1770 4101 1772 4104 ·

242 4182 348 4246 duces
366 4189 445 4245 sunt
465 4181 696 4270 intelligendi.
717 4188 870 4276 legatus.
890 4183 996 4270 legati
1017 4184 1220 4252 dicebantur
1240 4185 1486 4272 imperatorum
1505 4187 1644 4276 vicarii,

241 4284 388 4371 quibus,
407 4285 439 4351 si
457 4307 512 4356 res
538 4287 663 4375 terret,
681 4289 795 4376 ipsum
815 4291 1000 4377 imperium
1015 4291 1265 4378 permiserunt.
1302 4301 1459 4377 praetor
1479 4293 1546 4360 hoe
1567 4293 1646 4363 loco

1132 4427 1136 4445 ·
1166 4417 1191 4475 il
