4116 4970
1609 381 1669 481 37·

266 596 311 641 ne
326 585 555 644 converteret
583 581 695 644 etCat.
716 581 765 652 50·
780 581 870 642 Med.
880 580 909 642 3.
930 579 1068 644 adeum
1079 574 1306 645 ubi'rentum.
1327 577 1406 642 Imo
1415 577 1676 662 particularum,

266 683 484 765 transpositio
503 704 546 767 ap
566 686 632 751 Sal.
653 684 873 747 usitatissima
890 703 961 748 esse
981 684 1289 768 ridetur.clr.lug.
1311 686 1361 749 13.
1374 703 1420 747 ne
1433 691 1667 747 cunctentur.

265 783 312 846 id.
329 790 398 849 113.
416 786 454 850 in
477 786 700 870 colloquium
721 786 780 850 uti
799 790 841 852 de
856 810 950 870 pace
970 784 1163 852 veniretur.
1181 788 1229 851 id.
1244 789 1294 850 38.
1315 788 1436 852 locum
1453 784 1513 850 uti
1525 787 1662 851 desere·

265 897 358 953 rent.
378 892 425 953 id.
443 909 509 952 roa.
532 892 715 978 eugenium
737 898 805 953 aut
825 912 993 954 avorsum
1016 891 1076 953 uti
1082 889 1297 977 flecterent..
1333 892 1403 953 cat.
1419 895 1467 952 31.
1489 891 1525 952 P.
1552 892 1587 952 C.
1606 909 1661 956 ne.

266 992 313 1054 id.
330 997 380 1068 43.
400 992 567 1058 Statilius
576 990 753 1057 Gabinius
774 990 900 1056 utietc.
921 993 1052 1057 Similis
1071 997 1254 1058 verborum
1266 993 1394 1077 positio
1415 993 1453 1056 in
1465 994 1581 1079 legum
1593 993 1664 1058 ior·

266 1097 370 1159 mulis
391 1098 459 1160 Cic.
482 1116 510 1161 a.
530 1101 573 1162 de
593 1098 680 1184 legg.
705 1115 756 1159 22.
776 1096 953 1160 hominem
974 1107 1147 1162 mortuum
1170 1098 1207 1161 in
1228 1100 1314 1162 urbe
1335 1117 1378 1161 ne
1396 1098 1561 1182 sepelito.;
1595 1099 1619 1160 l.
1638 1100 1664 1162 l.

266 1220 297 1278 9.
317 1200 445 1284 impius
464 1221 508 1264 ne
529 1205 653 1267 audeto
676 1203 813 1286 placare
832 1202 932 1267 donis
953 1203 1040 1265 iram
1061 1204 1174 1268 deum.
1195 1201 1284 1265 Plin.
1305 1203 1350 1277 Η.
1370 1205 1411 1265 Ν.
1427 1203 1481 1266 ιθ.
1495 1205 1546 1268 35.
1566 1201 1668 1266 fron·

225 1351 229 1360 .
266 1307 346 1368 dem
366 1306 480 1369 media
502 1305 559 1369 die
581 1327 625 1370 ne
646 1307 778 1372 caedito.
797 1307 821 1368 l.
839 1306 862 1368 l.
883 1327 911 1374 c.
926 1311 975 1382 ³4.
997 1326 1114 1371 semen
1136 1326 1180 1372 ne
1195 1305 1313 1384 jacito.

322 1407 558 1476 Animalibus
577 1410 762 1476 meliorum
781 1411 952 1476 librorum
973 1410 1173 1474 auctoritate
1187 1409 1359 1490 firmatur,
1381 1412 1542 1475 adderem
1560 1412 1667 1476 etiam

265 1514 414 1578 Charisii
433 1516 634 1580 testimonio
651 1539 686 1599 p.
704 1534 772 1579 ua.
793 1517 861 1580 nisi
881 1516 1003 1600 saepius
1029 1515 1270 1602 grammaticos
1296 1515 1335 1578 in
1354 1515 1537 1578 laudandis
1557 1515 1665 1600 scrip-

265 1618 350 1681 toris
368 1620 486 1683 verbis·
499 1641 621 1704 parum
642 1621 826 1706 diligentes
853 1621 1097 1707 cognovissem.
1143 1617 1406 1688 Animantibus
1426 1620 1668 1706 grammatico-

265 1743 342 1786 rum
363 1723 559 1809 inventum,
582 1727 644 1807 qui
663 1725 823 1790 homines
844 1725 1008 1789 animalia
1028 1725 1098 1789 dici
1118 1747 1192 1790 non
1209 1745 1308 1809 posse
1329 1735 1498 1810 putarent.
1538 1727 1665 1790 Eadem
1691 1807 1695 1813 Ι

265 1827 336 1891 lere
347 1829 436 1894 ratio
444 1829 632 1894 lectionum
654 1835 849 1893 trameant
869 1829 1137 1919 ettransigant.
1158 1831 1218 1892 Illi
1238 1830 1432 1894 enimhaud
1451 1829 1665 1894 dubieaSal.

267 1952 308 1996 eo
328 1934 475 2004 consilio
493 1934 628 2018 posit-a,
648 1942 691 1996 ut
710 1929 857 1998 silentio
872 1937 1111 2018 responderet,
1134 1934 1347 2020 grammatici
1362 1931 1575 2023 transigant
1586 1935 1677 2010 sub-3

265 2037 468 2122 stituerunt,
488 2041 581 2119 quod
602 2038 774 2123 vulgatius
789 2047 869 2101 erat.
906 2035 1094 2102 Silentium
1105 2039 1193 2102 bene
1214 2039 1359 2121 explicat
1372 2038 1451 2100 Silii
1462 2036 1575 2100 Italici
1590 2055 1668 2100 ver-

267 2157 328 2202 sus·
344 2145 454 2217 3143.
476 2144 649 2225 Quantum
670 2141 798 2205 etenim
818 2140 976 2204 distanta
990 2147 1100 2204 morte
1112 2139 1250 2203 silentia
1260 2140 1364 2205 vitai
1383 2143 1461 2204 Tac.
1471 2139 1583 2225 Agric.
1594 2161 1622 2204 e.
1636 2143 1673 2205 6.

266 2251 421 2328 praetura
443 2244 628 2308 silentium.
650 2253 845 2307 transeunt
866 2247 988 2308 eodem
1009 2263 1109 2308 sensu
1127 2244 1264 2308 Tacitus
1283 2243 1391 2330 Agrie.
1419 2247 1449 2306 6.
1471 2244 1583 2329 ipsum
1603 2246 1671 2310 tri.

266 2351 416 2413 bunatus
437 2369 564 2412 annum
586 2349 701 2432 quiete
720 2359 754 2413 et
774 2348 846 2412 otio
867 2348 1011 2412 transiit.
1035 2350 1161 2413 Seneca
1173 2351 1234 2434 Ep.
1255 2351 1378 2412 xcm.
1391 2350 1458 2413 hoe
1479 2369 1498 2413 a
1520 2371 1575 2417 me
1595 2351 1668 2416 exi·

267 2476 330 2540 ge,
351 2475 394 2519 ne
413 2455 508 2518 velut
528 2475 591 2539 per
610 2457 768 2518 tenebras
788 2475 896 2519 aevum
917 2454 1073 2542 ignobile
1095 2455 1257 2539 emetiar,
1277 2464 1314 2518 ut
1335 2475 1433 2540 agam
1453 2453 1575 2540 vitam,
1595 2476 1671 2520 non
1719 2527 1723 2536 .

267 2569 305 2622 ut
328 2562 563 2643 praetervehar.
605 2563 704 2643 Apud
726 2561 923 2623 Ciceronem
944 2556 1092 2623 silentio
1115 2556 1276 2624 transire
1301 2559 1394 2652 idem
1415 2563 1508 2644 quod
1528 2569 1668 2646 prater·

268 2663 412 2728 mittere.
445 2664 504 2732 cfr.
517 2667 576 2747 Ep.
597 2667 640 2726 ad
660 2663 759 2729 Attia.
783 2681 876 2743 219.
915 2661 1045 2730 Omnis
1064 2672 1195 2729 nostra
1218 2661 1268 2728 vis
1287 2685 1390 2746 quem
1407 2666 1590 2730 verborum
1603 2685 1668 2751 po-

266 2768 371 2831 situm
402 2768 529 2851 aliquis
551 2768 796 2852 elegantiorem
824 2767 971 2852 dixerit,
1001 2769 1165 2832 nonnulli
1185 2768 1271 2831 libri
1289 2771 1428 2832 hahent.
1463 2773 1567 2852 Neap.
1591 2790 1616 2830 a.
1636 2774 1669 2830 3.

268 2873 357 2935 Flor.
373 2893 421 2951 19.
441 2875 531 2936 Med.
549 2889 577 2933 a.
597 2875 718 2937 venet.
735 2895 762 2935 1.
782 2874 856 2937 Vat.
873 2877 902 2934 3.
923 2889 953 2948 a.
972 2889 1002 2935 a.
1021 2873 1120 2934 Barb.
1136 2889 1165 2934 a.
1185 2870 1296 2938 Berol.
1317 2893 1345 2944 ι,
1366 2888 1395 2932 a.
1412 2875 1441 2933 3.
1464 2874 1523 2935 sed
1546 2871 1668 2936 melio·

268 2995 322 3038 res
340 2974 424 3037 libri
445 2995 516 3039 non
537 2965 720 3058 addicu'nt,
751 2983 785 3038 et
812 2975 918 3039 nimis
946 2984 1101 3039 contorta
1121 2977 1193 3039 haec
1211 2975 1395 3037 verborum
1410 2973 1572 3050 junctura
1596 2992 1668 3038 esse

234 3137 237 3147 .
267 3079 430 3152 videtur„
450 3075 605 3165 Fragilis
626 3087 688 3139 est.
719 3079 871 3142 Verbum
891 3078 1139 3141 substantivum
1159 3077 1324 3140 hocloco
1345 3077 1469 3141 rectius
1498 3077 1669 3140 omittitur

268 3183 375 3266 quia,
411 3185 505 3263 quod
535 3183 705 3266 sequitur,
735 3182 909 3264 liabetur,
940 3181 1043 3244 etiam
1074 3183 1118 3244 ad
1148 3181 1265 3264 priora
1293 3180 1415 3245 referri
1449 3191 1579 3266 potest,
1615 3181 1674 3246 id-

268 3306 335 3368 que
356 3286 483 3370 saepius
498 3285 797 3370 animadvertitur,
812 3288 954 3350 verbum
975 3283 1223 3348 substantivum
1245 3305 1316 3350 esse
1336 3286 1517 3371 omissum,
1536 3287 1598 3351 ubi
1618 3307 1669 3352 se·

268 3401 394 3473 quente
412 3393 519 3456 verbo
539 3391 591 3454 vis
611 3390 683 3468 ejus
712 3390 923 3474 exprimitur.
958 3389 1101 3454 Diversa
1121 3401 1171 3454 est
1190 3391 1278 3454 ratio
1298 3392 1486 3476 superioris
1500 3391 1668 3470 junctura

268 3493 342 3558 sita
363 3502 435 3578 eat,
458 3494 520 3558 ubi
541 3503 593 3557 est
614 3493 841 3558 necessarium
861 3512 932 3557 esse
951 3492 1102 3578 videtur,
1122 3503 1161 3557 ut
1181 3496 1357 3580 expleatur
1373 3498 1559 3577 sententia;
1579 3506 1678 3563 aete-.

270 3620 346 3661 rum
377 3597 531 3662 habetur
563 3600 629 3660 hoc
657 3598 735 3661 loco
764 3607 802 3661 ut
829 3599 983 3662 Granum
1013 3592 1110 3688 izaiei
1140 3607 1308 3679 tenetur3
1335 3609 1369 3664 et
1389 3601 1585 3684 oppositum
1605 3602 1673 3684 iis,

270 3723 347 3784 qum
372 3711 643 3786 precesserunt,
665 3699 779 3787 sluaa
815 3710 917 3782 atque
937 3697 1109 3789 fragilis.
1147 3705 1246 3766 Nam
1269 3710 1305 3765 et
1327 3703 1545 3786 priusquam
1564 3741 1606 3756 -
1632 3715 1669 3770 et

271 3806 405 3886 aliquot
425 3805 508 3869 libri
532 3805 695 3868 omittunt
715 3806 812 3867 Barb.
833 3809 862 3869 3.
881 3821 910 3879 4.
933 3806 1023 3866 Med.
1044 3825 1072 3882 9.
1093 3807 1166 3866 Vat.
1199 3809 1228 3867 3.
1247 3819 1276 3879 a.
1310 3822 1338 3866 a.
1362 3826 1431 3886 quo
1451 3809 1585 3872 sublato
1606 3811 1673 3876 mi-

273 3930 336 3972 nus
355 3919 433 3993 apte
453 3907 621 3972 orationis
644 3910 798 3972 membra
818 3909 885 3972 sibi
902 3909 1119 3990 respondent.
1145 3905 1324 3974 Mortalis
1343 3911 1617 3995 magnificentius
1636 3927 1669 3982 et

273 4013 436 4077 excelsius
464 4013 613 4097 dictum,
640 4034 743 4094 quam
763 4014 937 4094 homines,
969 4021 1003 4074 et
1029 4015 1118 4094 apud
1140 4013 1325 4076 Salustium
1346 4013 1668 4098 frequentissimum.

272 4120 398 4181 Fronto
426 4118 593 4199 quidem,
623 4118 708 4200 (cir.
733 4119 811 4191 Aul,
839 4117 927 4182 Geli.
951 4119 993 4178 N.
1013 4117 1052 4178 Α.
1075 4121 1122 4178 ι3.
1152 4117 1217 4200 28.)
1244 4119 1410 4204 amplius,
1436 4122 1605 4204 prolixius
1636 4132 1671 4188 et

271 4219 381 4310 lucius
411 4219 541 4282 dictum
567 4238 638 4286 esse
665 4220 879 4287 existimavit.
923 4221 1028 4308 Haud
1052 4219 1157 4286 dubie
1193 4219 1420 4326 ipaa'lna'lepu
1447 4233 1522 4312 est,
1549 4225 1675 4295 etiam-
