4108 4976
390 361 465 456 324

264 641 267 648 Ι
395 577 508 624 mone.
526 555 657 630 dictum
677 577 755 642 prot
780 557 926 642 Marius,
951 562 1047 642 quod
1064 556 1284 626 temerarium
1302 555 1431 622 factum
1456 557 1595 622 fortuna
1616 557 1656 625 in
1674 559 1799 626 melius

393 671 555 748 verterat,
574 663 650 746 ipso
671 683 786 728 errore
804 663 951 750 gloriam
972 665 1041 730 sibi
1055 664 1200 751 peperit.
1219 668 1263 729 de
1280 662 1533 750 significatione
1550 665 1648 754 verbi
1666 660 1800 732 inveni-

394 791 436 835 re
453 789 557 855 supra
580 777 805 832 memoratum
824 777 883 834 est.

476 877 558 960 Cap.
578 875 674 942 XCV.
703 875 748 940 L.
766 874 870 940 Sulla
893 873 1087 958 Quaestor.
1120 875 1181 940 cfr.
1201 872 1324 957 Vellei.
1344 891 1374 937 a.
1398 891 1447 942 ra.
1471 875 1562 940 Plut.
1578 876 1628 943 *V-
1648 874 1751 940 Marii
1770 895 1802 940 c.

401 998 447 1043 ιο.
472 981 512 1045 V.
525 979 628 1058 Sulloe
642 984 672 1046 3.
696 999 800 1062 quem
821 976 880 1044 uti
898 1001 943 1046 ex
962 975 1087 1046 Latio.
1107 981 1205 1046 Brrb.
1219 1000 1248 1050 a.
1270 1000 1339 1046 nae
1359 999 1427 1044 om.
1447 981 1537 1044 Med.
1549 981 1579 1043 8.
1599 1000 1800 1049 noramca.

396 1086 472 1153 var.
484 1101 513 1161 4.
535 1083 595 1148 cfr.
609 1104 711 1169 supra
729 1105 758 1147 c.
770 1104 821 1165 79.
852 1103 959 1165 quare
988 1105 1180 1170 pronomen
1212 1086 1400 1150 delendum
1423 1103 1494 1148 esse
1523 1083 1670 1152 videtur.
1697 1092 1733 1148 et
1758 1085 1801 1152 L.

396 1185 559 1256 anenno.
580 1197 616 1254 et
636 1209 703 1254 om.
721 1171 796 1258 Vnt.
812 1191 841 1251 ⁵.
862 1188 1005 1254 Sisenna
1027 1192 1178 1284 debello
1199 1191 1346 1256 Marsico
1368 1199 1402 1254 et
1420 1189 1574 1253 debello
1595 1188 1692 1253 civili
1711 1188 1802 1252 inter

401 1295 551 1384 Marium
571 1303 604 1361 et
620 1294 751 1360 Sullam
772 1302 867 1382 gesto
886 1295 1076 1381 scripserat.
1095 1303 1323 1380 persecutus.
1343 1294 1403 1359 cfr.
1430 1299 1513 1378 Nep.
1536 1296 1620 1357 Cato
1650 1293 1708 1356 fin.
1737 1292 1802 1356 Ιιιι-

390 1399 459 1491 jnr
487 1399 629 1467 devita
658 1409 695 1464 et
722 1398 885 1466 moribus
900 1404 1015 1485 plara
1035 1397 1075 1466 in
1095 1422 1137 1468 eo
1159 1399 1253 1466 libro
1267 1398 1456 1485 persecuti
1472 1420 1597 1463 sumus
1616 1407 1678 1464 etc.
1698 1396 1804 1462 etiam

398 1510 493 1592 ,apud
514 1507 582 1570 Cic.
603 1506 737 1592 sapius.
760 1503 949 1589 patriciae
971 1502 1094 1595 gentis
1121 1503 1255 1571 nobiles
1266 1501 1361 1595 fuit.
1395 1505 1445 1568 ita
1463 1522 1582 1569 omnes
1600 1505 1707 1570 Codd.
1727 1519 1824 1583 qua*

401 1611 570 1697 scriptura
585 1632 647 1674 cur
667 1614 883 1682 emendanda
900 1611 961 1696 sit,
986 1631 1058 1674 non
1073 1611 1187 1680 video.
1209 1630 1282 1673 non
1300 1611 1394 1676 enim
1413 1629 1531 1674 omnes
1546 1607 1700 1694 patriciae
1720 1627 1806 1692 gen·

404 1721 454 1782 les
474 1717 611 1782 nobiles
630 1715 742 1801 fuere,
771 1737 884 1801 neque
905 1715 1040 1780 nobiles
1060 1734 1179 1779 omnes
1199 1714 1362 1799 patricia.
1391 1734 1499 1797 quare
1517 1722 1699 1794 utrumque
1712 1721 1806 1776 recte

406 1821 645 1908 conjungitur,
675 1831 708 1888 et
732 1825 805 1888 haec
823 1823 981 1909 opposita
1002 1822 1235 1904 sequentibus.
1250 1822 1322 1902 jam
1341 1821 1495 1905 verbum,
1514 1820 1607 1901 quod
1624 1835 1743 1882 omnes
1762 1816 1807 1880 li-

402 1925 460 1990 bri
479 1926 700 2014 confirmant,
728 1949 798 1994 non
819 1949 889 1994 esse
908 1928 1112 2012 delendum,
1144 1929 1239 2008 quod
1263 1926 1342 1991 aliis
1360 1925 1447 1990 locis
1468 1925 1632 2006 omissum
1649 1931 1716 2008 est,
1744 1941 1807 1991 se·

402 2031 483 2118 pius
503 2034 711 2100 monuimus.
732 2031 926 2100 exstincta.
954 2033 977 2100 i.
1002 2053 1032 2097 e.
1052 2032 1220 2098 memoria
1240 2031 1294 2097 rel
1318 2050 1446 2097 nomen
1467 2028 1609 2096 familiae
1629 2027 1808 2093 obscurius

406 2136 549 2224 factum,
569 2141 664 2224 quod
685 2160 788 2204 nemo
807 2142 851 2202 ad
870 2139 1121 2226 rempublicam
1140 2146 1343 2220 accerserat,
1359 2137 1531 2220 rebusque
1551 2155 1618 2200 ase
1631 2133 1733 2221 gestis
1742 2152 1807 2198 no·

404 2245 560 2310 bilitatus
580 2245 700 2314 iuerat.
712 2243 831 2338 juxta
854 2243 1069 2312 doctissime.
1090 2247 1143 2331 (et
1164 2243 1307 2328 omisso)
1327 2247 1400 2311 Vat.
1416 2265 1445 2304 a.
1460 2245 1488 2309 5.
1508 2241 1809 2325 quodsdelendum

408 2371 479 2418 esse
498 2353 643 2418 videtur.
663 2349 856 2418 luxurioso
881 2373 964 2418 erse.
984 2373 1058 2418 erse
1073 2372 1141 2416 om.
1158 2354 1242 2420 Ven.
1258 2373 1285 2414 1.
1306 2353 1366 2415 sed
1376 2347 1568 2414 infinitivus
1579 2347 1747 2412 mihihoc
1759 2345 1810 2408 lo·

409 2476 451 2522 co
470 2479 637 2542 perquam
657 2459 795 2544 elegans
815 2479 885 2524 esse
904 2459 1051 2524 videtur.
1077 2459 1154 2524 nisi
1174 2459 1275 2542 quod
1295 2457 1338 2522 de
1351 2477 1468 2524 uxore
1486 2455 1673 2521 honestius
1682 2446 1812 2539 potnit

278 2579 281 2586 ·
409 2562 561 2628 consuli.
592 2562 651 2626 cir.
672 2564 782 2626 Plant.
806 2566 846 2629 V.
871 2566 975 2629 Sullae
1002 2585 1074 2648 cap.
1089 2567 1119 2628 6.
1140 2573 1173 2629 et
1193 2581 1222 2628 a.
1250 2563 1302 2627 ad
1321 2559 1530 2627 simulanda
1553 2557 1712 2649 negotia.
1738 2559 1761 2622 i.
1779 2578 1808 2622 e.

410 2666 482 2748 ejus
502 2665 647 2740 consilia
667 2669 761 2730 haud
780 2665 881 2732 facile
897 2669 1079 2750 quisquam
1096 2668 1276 2732 intellexit.
1304 2665 1466 2732 altitudo
1487 2661 1635 2755 ingenii.
1659 2665 1696 2729 id
1715 2665 1809 2748 quod

412 2772 521 2847 Graeci
540 2769 693 2856 amuleta
714 2771 842 2836 dicunt.
863 2781 975 2856 atque
995 2767 1061 2840 illi.
1080 2791 1238 2856 pronom.
1261 2793 1328 2836 om.
1349 2774 1425 2840 Vat.
1440 2788 1471 2848 4.
1492 2781 1526 2836 et
1541 2774 1616 2837 vat.
1629 2792 1657 2834 1.
1676 2771 1811 2854 quiba-

291 2962 293 2968 .
409 2879 483 2944 bet:
509 2887 621 2962 atque
634 2873 885 2970 felicissimus.
905 2878 1003 2944 falso.
1021 2877 1209 2943 Salustium
1222 2877 1316 2942 enim
1325 2878 1533 2963 pronomina
1544 2876 1811 2943 demonstrativa

410 2983 533 3070 saepius
545 2983 765 3048 substantivis
776 3005 992 3070 praeponere,
1011 2985 1083 3066 jam
1096 3004 1198 3069 supra
1212 2994 1439 3048 memoratum
1453 2993 1512 3050 est.
1529 2992 1565 3048 et
1578 2982 1637 3049 illi
1637 2977 1813 3074 felicissi-

411 3110 480 3155 mo.
491 3093 592 3154 Taur.
603 3087 822 3176 nampostea
833 3112 927 3174 quae
926 3086 1076 3181 fecerat
1086 3094 1161 3157 Vat.
1169 3079 1197 3153 5.
1202 3087 1341 3179 pigeat.
1353 3089 1471 3180 magis
1480 3091 1732 3166 multiaddunt‚
1741 3109 1773 3152 v.
1783 3108 1811 3151 c.

413 3197 504 3260 Med.
517 3213 546 3266 a.
562 3199 592 3258 8.
609 3219 654 3259 ιι.
676 3201 759 3262 Ven.
777 3220 802 3260 ι.
817 3215 846 3260 a.
860 3201 889 3261 3.
904 3217 934 3275 4.
954 3201 1013 3262 sed
1034 3197 1097 3260 alii
1114 3196 1185 3260 alio
1205 3197 1294 3260 loco.
1315 3217 1421 3280 quare
1442 3205 1532 3262 recte
1551 3195 1715 3259 omissum
1734 3202 1793 3259 est.

495 3305 576 3387 Cap.
592 3303 705 3368 XCVI.
733 3299 771 3368 in
791 3299 964 3390 Africam
986 3310 1106 3385 atque.
1136 3323 1204 3367 om.
1223 3305 1326 3366 Taur.
1344 3297 1449 3366 rudia
1468 3309 1566 3365 ante.
1592 3303 1667 3366 Vat.
1680 3316 1711 3384 4.
1725 3302 1753 3365 ⁵.
1775 3295 1814 3364 in

184 3423 187 3438 ’
303 3491 305 3496 Ι
389 3402 643 3491 paucissimis
655 3403 936 3490 tempestatibus.
945 3403 994 3491 in,
1004 3410 1097 3490 quod
1109 3427 1228 3472 omnes
1238 3405 1309 3473 lere
1319 3405 1404 3470 libri
1414 3415 1559 3492 serrant,
1570 3427 1633 3491 pro
1643 3406 1735 3470 intra
1744 3405 1816 3471 dic·

415 3519 495 3572 tum.
515 3509 584 3570 Cic.
607 3511 747 3582 declar.
769 3511 861 3572 Orat.
875 3515 925 3588 93.
946 3509 985 3574 in
1006 3515 1075 3575 hoc
1095 3509 1216 3594 spatio
1237 3520 1273 3575 et
1294 3507 1333 3576 ia
1355 3507 1497 3595 iispoet
1510 3509 1733 3576 aedilitatem
1747 3531 1815 3576 απ..

414 3609 479 3682 nra.
500 3611 548 3676 ita
572 3609 694 3697 sapius
718 3614 810 3696 apud
826 3611 996 3694 optimum
1016 3633 1187 3695 quemque
1213 3615 1424 3698 scriptorem.
1457 3635 1530 3682 non
1551 3615 1663 3680 solum
1685 3625 1817 3699 tempe·

380 3725 386 3752 ¹
414 3731 492 3786 stas
512 3741 606 3788 num.
628 3717 715 3804 sing.
734 3735 798 3802 pro
811 3723 964 3801 tempore
985 3715 1132 3802 dicitur,
1153 3721 1212 3784 sed
1225 3719 1327 3782 etiam
1339 3722 1430 3807 plur.
1449 3722 1498 3786 ita
1514 3731 1555 3786 ut
1570 3731 1817 3805 tempestatem

415 3826 519 3890 etiam
540 3835 672 3911 partem
690 3821 869 3908 temporis,
888 3843 1019 3887 annum
1036 3813 1093 3888 vel
1107 3797 1200 3888 diem
1219 3823 1424 3912 significare,
1443 3831 1661 3894 statuendum
1681 3827 1736 3896 sit.
1757 3827 1816 3891 cfr.
1831 3877 1841 3898 .

417 3931 487 3994 Cat.
503 3933 550 3992 53.
572 3927 698 3994 multer
709 3925 1021 4014 tempestatibus
1010 3953 1034 3994 ι.
1056 3951 1084 3997 e.
1107 3930 1227 3994 multis
1246 3931 1355 3994 annis.
1374 3934 1427 3993 lta
1441 3932 1559 3998 Cicero
1578 3933 1723 3998 Homeri
1743 3954 1818 4000 ver·

417 4057 501 4102 sum.
523 4035 563 4096 ll.
580 4056 612 4114 9.
627 4038 697 4100 363.
735 4031 827 4122 ipae‘li
846 4065 894 4105 ιιιν
916 4031 1035 4132 ΊριΊιίΊῳ
1058 4038 1150 4120 abaci
1182 4035 1365 4134 ipimus
1351 4033 1469 4120 ιιιιίμιιι
1495 4038 1616 4102 vertit:
1647 4035 1762 4104 tertia
1783 4044 1820 4106 te

416 4136 575 4210 Phthiae
587 4144 780 4220 tempestae
799 4140 897 4206 laeta
918 4141 1065 4208 locabit.
1093 4140 1154 4204 ubi
1178 4148 1292 4222 aperte
1314 4139 1495 4221 antiquum
1516 4163 1709 4208 sermonem
1739 4143 1821 4214 imi,-

419 4255 505 4312 tatus
526 4255 584 4312 est.
606 4239 680 4332 ipse
698 4263 769 4331 per
788 4261 834 4306 se.
857 4245 923 4306 boc
941 4246 1146 4314 ordineVat.
1160 4238 1272 4310 5.,ἰίΙὶ
1288 4265 1397 4326 quam
1407 4243 1574 4334 plurimi.
1594 4246 1654 4318 illi
1668 4249 1821 4334 positum
