4108 4976
377 393 451 495 276

378 588 452 652 huc
474 605 544 651 non
564 590 643 650 sunt
665 579 837 650 contraris
858 578 917 656 iis,
940 595 1016 662 qun
1037 578 1110 641 cst.
1128 595 1159 658 7.
1177 573 1323 640 dixer'sts
1342 577 1409 642 sed
1421 573 1781 666 gloriossissimum

380 699 565 757 certamen
585 687 682 754 inter
702 686 799 772 ipsos
818 694 912 750 erat.
938 685 990 749 ibi
1019 683 1114 748 enim
1139 680 1286 768 gloriam
1312 669 1401 748 verte
1420 681 1535 748 laudis
1554 684 1707 748 studium
1728 684 1784 750 di-

379 797 435 860 cit.
457 804 572 860 metus
591 791 735 860 bostile's
747 793 771 857 i.
789 811 819 856 e.
838 789 1000 870 hostium3
1020 788 1069 851 ita
1092 807 1211 872 supra:
1232 781 1400 870 partium
1419 784 1670 872 popularium.
1693 791 1783 856 Hist.

379 888 512 987 Fragm'.
534 921 561 960 ι.
577 919 606 979 9.
629 905 770 962 remoto
791 905 889 960 metu
905 893 1054 978 punico.
1076 891 1474 958 ᾱοηιί898199.8.ι9.
1493 893 1705 959 Poenorum
1715 894 1782 960 lto-
1851 901 1856 910 '

379 1002 490 1071 stium
512 999 701 1068 imminens
721 1009 838 1065 metus
857 994 1087 1083 disciplinam
1108 1005 1257 1062 veterem
1278 993 1499 1062 continebat.
1518 997 1640 1078 Vellej.
1654 1000 1782 1064 Patere.

382 1129 410 1174 9.
426 1133 452 1172 ι.
465 1149 507 1164 -
521 1105 701 1172 meatibus
714 1100 873 1170 decessit.
893 1104 982 1188 Flor.
997 1105 1107 1179 1416.
1126 1105 1221 1185 quod
1231 1100 1372 1167 fortasse
1382 1101 1517 1168 rectius.
1537 1100 1679 1171 cinLiv.
1691 1128 1720 1168 9.
1731 1121 1782 1184 99.

380 1236 424 1279 ea
445 1235 537 1278 cura
558 1210 709 1276 decessit
723 1208 905 1294 patribus.
926 1208 987 1276 clr.
1004 1208 1154 1274 Gronov.
1168 1215 1202 1272 91
1217 1206 1390 1280 Drakenb.
1405 1208 1450 1270 ad
1464 1205 1537 1270 Lis.
1555 1222 1586 1284 4.
1604 1223 1636 1269 9.
1654 1215 1687 1272 91
1701 1209 1782 1276 Ces.

379 1323 414 1382 Β.
429 1320 469 1382 G.
493 1344 517 1386 ι,
532 1341 561 1400 7.
581 1299 748 1381 hostibus
767 1314 888 1378 eadem
910 1313 952 1377 de
972 1331 1084 1376 causa
1103 1332 1183 1395 spes
1203 1307 1328 1394 oppidi
1339 1307 1517 1395 potiundi
1526 1307 1700 1377 discessit.
1719 1311 1782 1376 ubi

378 1423 538 1488 Davisius
557 1431 591 1486 ct
602 1422 784 1484 unuscod.
806 1412 966 1484 decessit.
986 1415 1090 1480 etium
1110 1415 1201 1480 infra
1214 1417 1291 1502 lug.
1302 1417 1352 1479 88.
1365 1423 1566 1500 postquam
1580 1413 1715 1482 invidia
1726 1418 1783 1482 de·

381 1534 549 1591 cesserat.
560 1527 653 1588 Curt.
668 1526 698 1590 8.
715 1545 741 1586 ι.
755 1530 956 1606 postquam
977 1517 1037 1586 ira
1050 1531 1169 1586 mente
1181 1521 1391 1586 decesserat.
1411 1520 1591 1588 elr.Burm.
1610 1523 1655 1585 sd
1670 1523 1783 1608 Quin·

381 1631 433 1694 tit.
464 1631 559 1696 Decl.
577 1633 607 1692 6.
621 1632 651 1696 6.
681 1629 839 1691 Oudend.
857 1629 902 1691 ad
921 1629 1048 1690 Lucia.
1066 1643 1096 1703 4.
1118 1635 1187 1703 984.
1208 1633 1296 1691 cort.
1311 1629 1355 1690 ad
1371 1625 1559 1710 Ptin.·sspp.
1570 1628 1598 1689 6.
1613 1629 1662 1690 96.
1682 1624 1783 1692 scili-

381 1742 440 1798 cet
460 1755 512 1798 ea.
532 1737 606 1797 haee
624 1730 876 1818 elegantissime
896 1751 916 1795 9
935 1732 1083 1796 Salustio
1104 1731 1212 1818 diets,
1241 1732 1375 1797 Cottius
1395 1733 1438 1797 ab
1461 1731 1573 1796 aliens
1593 1751 1697 1794 manu
1718 1752 1783 1818 up-
1868 1792 1872 1801 .

380 1839 493 1924 posita
519 1859 590 1902 esse
610 1837 746 1906 statuit..
760 1857 853 1919 quae
870 1857 929 1902 res
947 1837 1127 1902 secundae
1152 1843 1282 1902 amant
1302 1837 1325 1902 i.
1346 1857 1375 1902 e.
1400 1856 1477 1920 quse
1500 1837 1601 1902 rebus
1623 1837 1783 1904 secundis

380 1942 458 2008 fieri
476 1942 598 2010 solent.
622 1942 713 2006 Plin.
727 1946 775 2005 1³.
792 1956 822 2018 4.
837 1942 967 2025 palma
988 1948 1070 2008 toto
1092 1962 1192 2008 anuo
1213 1937 1332 2007 bibere
1350 1951 1462 2008 amat.
1482 1944 1602 2006 Horat.
1609 1942 1674 2005 Od.
1689 1947 1717 2006 3.
1734 1947 1783 2008 ι6.

381 2067 410 2127 9.
433 2069 566 2111 aurum
580 2070 652 2131 per
667 2043 807 2114 ‘medios
821 2043 876 2112 ire
886 2045 1063 2111 satellites
1074 2054 1111 2110 et
1118 2066 1354 2131 perrumpere
1366 2054 1470 2112 amat
1479 2066 1583 2112 saca.
1603 2049 1682 2112 Tac.
1693 2049 1783 2114 tun.

379 2167 410 2227 4.
425 2173 454 2232 9.
477 2160 520 2215 ut
530 2147 654 2242 ferme
673 2159 777 2216 amat
791 2147 981 2234 posterior
1000 2147 1180 2216 adulatio.
1201 2149 1263 2216 cir.
1273 2153 1357 2216 Hor.
1374 2153 1440 2216 Od.
1450 2171 1479 2216 9.
1488 2157 1519 2220 8.
1532 2173 1563 2234 9.
1578 2189 1622 2206 -
1634 2149 1783 2220 lasciuia

380 2264 493 2339 atque
508 2253 687 2339 superbia.
710 2256 867 2340 opposita
886 2265 980 2321 sunt:
1000 2277 1136 2322 morum
1157 2257 1318 2323 severitas
1340 2266 1442 2340 atque
1462 2257 1648 2351 modestis
1672 2254 1784 2324 iaces-

305 2439 308 2449 Α
378 2379 466 2424 sere.
488 2359 547 2424 cir.
559 2361 633 2426 Lis.
644 2377 674 2423 9.
687 2379 736 2442 99.
758 2355 872 2426 timor
891 2357 1039 2427 incessit
1057 2355 1186 2428 Sabini
1205 2357 1476 2429 belli-otium.
1494 2361 1556 2428 cir.
1569 2365 1642 2428 Cat.
1652 2383 1699 2426 ιο.
1720 2365 1783 2428 ubi

381 2467 501 2528 eadem
532 2467 702 2530 sententia
727 2466 806 2531 aliis
830 2467 945 2548 verbis
975 2487 1139 2553 expressa.
1162 2471 1234 2532 091.
1254 2472 1305 2533 89.
1329 2470 1407 2540 Τ99.
1431 2469 1519 2534 Hist.
1538 2493 1563 2537 ι.
1585 2471 1633 2533 sb.
1645 2489 1727 2552 paae
1747 2477 1784 2535 et

382 2566 483 2647 quies
503 2565 710 2634 acrioribus
728 2568 886 2634 stimulis
906 2569 1542 2659 anirnoserplorarttetc.-asperius'
1549 2572 1784 2658 acerbiusque

380 2669 472 2748 suit„
489 2669 661 2754 asperius.
685 2671 747 2742 cfr.
770 2677 840 2737 Cat.
858 2695 906 2738 ιο.
927 2692 977 2736 9ι.
999 2675 1068 2737 Cic.
1086 2695 1151 2760 pro
1171 2677 1277 2743 Balbo
1288 2700 1317 2759 9.
1339 2675 1378 2744 irs
1392 2676 1569 2763 periculis
1588 2687 1624 2744 et
1642 2676 1783 2764 asperis

381 2771 615 2859 temporibus.
635 2776 805 2842 acerbum
814 2776 838 2842 i.
848 2797 876 2842 e.
895 2795 1016 2864 grase,
1034 2780 1171 2866 durum,
1190 2782 1389 2870 molestum,
1400 2786 1653 2866 calamitosum
1670 2785 1783 2850 otium
1905 2801 1911 2816 ·

380 2882 505 2968 igitur,
526 2885 620 2965 quod
640 2883 679 2946 in
700 2883 825 2968 optatis
845 2883 969 2969 iuerat,
990 2885 1126 2970 gravius
1147 2895 1249 2970 etque
1267 2891 1495 2974 perniciosius
1514 2889 1591 2956 tuit.
1611 2888 1785 2981 dignitas.

380 2988 539 3075 intellige
548 2989 732 3054 auctoritas
742 3000 775 3056 et
788 2991 909 3077 gratia,
921 3011 989 3074 qua
998 2991 1373 3082 solavalentpcincipes
1383 2998 1570 3063 liberarum
1582 2995 1784 3081 civitatium,

360 3092 455 3170 „jure
476 3096 632 3160 omnium
660 3106 802 3182 aequato.
826 3100 1003 3182 populus,
1029 3117 1135 3182 penes
1160 3121 1264 3182 quem
1290 3103 1446 3169 omnium
1466 3123 1581 3171 rerum
1601 3101 1785 3166 arbitrium

379 3195 464 3282 fuit,
477 3199 549 3262 hac
568 3204 724 3284 potentia
744 3204 833 3267 male
850 3223 947 3289 usus,
975 3207 1118 3270 modum
1135 3207 1295 3288 ‘excessit;
1325 3209 1417 3274 nihil
1438 3210 1546 3296 igitur
1566 3217 1631 3291 991,
1661 3229 1724 3272 cur
1743 3207 1783 3271 in
1856 3237 1859 3242 ¹

379 3304 542 3368 hocloco
570 3300 734 3370 offendas.
753 3303 824 3372 sibi
840 3303 993 3391 quisque
1016 3311 1147 3376 ducere
1167 3321 1228 3377 919.
1248 3312 1305 3378 cfr.
1324 3317 1397 3378 Cat.
1410 3337 1457 3378 ιι.
1477 3316 1586 3379 Ρ19ιι1.
1601 3312 1696 3384 Trin.
1713 3335 1741 3376 9.
1754 3330 1784 3376 tt.

382 3425 430 3466 ιο.
453 3419 543 3471 recte
562 3415 650 3472 cort.
672 3412 977 3496 trabere,rapere
995 3413 1187 3500 violentiae,
1218 3419 1347 3485 ducere
1365 3420 1509 3484 astutiae
1530 3430 1563 3486 et
1577 3419 1710 3485 occulte
1736 3417 1785 3480 si-

380 3507 419 3570 hi
430 3511 639 3572 trahentium
655 3531 726 3576 esse
741 3514 835 3580 dicit.
850 3516 910 3578 clr.
918 3521 994 3581 Ter.
1002 3521 1108 3584 Andr.
1117 3537 1147 3597 4.
1161 3543 1187 3586 t.
1197 3539 1246 3586 9ο.
1266 3520 1376 3590 etiam
1387 3547 1485 3591 nuuc
1499 3547 1555 3592 me
1563 3527 1693 3590 ducere
1703 3519 1784 3588 istis

359 3685 361 3692 y
381 3609 490 3678 dictis
506 3614 685 3694 postulas.
715 3617 853 3677 Phorm.
875 3637 903 3677 ι.
923 3637 952 3680 9.
972 3622 1017 3681 15.
1044 3629 1086 3683 ut
1106 3609 1314 3705 phaleratis
1337 3626 1445 3695 dictis
1464 3630 1577 3696 ducas
1597 3651 1662 3694 me.
1681 3630 1783 3712 Prop.

380 3718 429 3780 El.
449 3735 478 3782 9.
500 3721 615 3799 1³.t7.
643 3713 793 3783 mentiri
818 3727 979 3807 noctem,
1000 3723 1194 3806 promissis
1214 3730 1343 3797 ducere
1361 3743 1555 3801 amantem.
1567 3771 1610 3788 -
1623 3733 1790 3818 respubl·

382 3831 464 3884 nota
493 3823 659 3888 orationis
685 3823 757 3888 vim
783 3833 885 3907 atque
910 3827 1125 3914 elegantiam.
1155 3844 1233 3916 apte
1261 3849 1459 3923 comparant
1485 3840 1558 3904 Lis.
1577 3857 1607 3902 9.
1622 3842 1672 3919 57.
1694 3839 1778 3902 dum

382 3921 524 4040 tribuni
542 3930 776 4012 consulesque
795 3933 900 3995 adse
915 3931 1065 4016 quisque
1084 3936 1395 4027 omnicoetum,
1415 3939 1513 4008 nibil
1520 3940 1690 4008 relictum
1705 3923 1793 4006 esse'

381 4050 510 4094 versum
532 4027 571 4094 in
592 4029 725 4116 medio,
747 4030 963 4100 distractam
986 4037 1296 4126 dilaceratamque
1314 4047 1584 4132 rempublicam.
1606 4047 1666 4112 clr.
1691 4048 1781 4110 Gro-

298 4197 301 4204 ,
379 4154 459 4202 nov.
476 4137 520 4198 ad
536 4135 609 4200 ttv.
625 4151 655 4212 4.
673 4144 723 4213 48.
746 4135 784 4202 iu
805 4137 1041 4208 multitudiue
1059 4145 1084 4210 i.
1104 4166 1134 4212 e.
1154 4167 1232 4210 cum
1246 4149 1493 4238 multisunt,
1513 4153 1668 4238 quamvis
1688 4152 1780 4216 mul·

380 4241 408 4302 ti
436 4250 555 4307 essent.
585 4241 645 4307 cir.
673 4242 741 4306 Cic.
762 4245 848 4329 Epp.
875 4249 903 4314 t.
927 4265 958 4313 9.
987 4251 1076 4326 «hoc
1107 4272 1180 4318 non
1201 4263 1314 4366 potest
1339 4258 1379 4324 in
1414 4267 1447 4325 te
1479 4276 1552 4326 non
1585 4257 1781 4326 honorifice
