4106 4974
406 383 479 478 224

406 586 564 663 etsupra
585 579 614 641 5.
655 571 813 678 hlominss
841 581 875 641 st
900 570 982 666 regi
998 575 1076 640 looo
1096 571 1314 659 pronominis
1340 573 1456 659 posito*
1481 575 1576 658 sint;
1607 599 1714 663 qnare
1744 585 1813 650 hoo

406 683 571 748 omissum
590 699 662 748 esse
682 681 857 747 neminem
877 681 1004 746 mirum
1025 683 1139 746 habet.
1165 681 1225 745 sed
1244 680 1360 744 sihor
1386 679 1465 746 loro
1484 704 1585 767 pron.
1605 691 1647 750 eo
1662 706 1742 751 enm
1759 689 1812 753 oi·

404 786 533 872 fendis,
553 807 615 850 our
631 787 790 870 sequenti
811 807 883 872 cap.
905 807 947 852 eo
969 788 1077 852 modo
1098 785 1262 850 intantum
1273 785 1434 869 reliquit?
1453 785 1492 850 id
1504 787 1600 852 enim
1613 791 1724 856 molto
1739 813 1811 858 reo-

406 891 749 980 tiussitnperoveris.
782 893 1008 975 quamobrem
1031 913 1076 957 ne
1095 893 1163 956 hoo
1181 892 1322 974 quidem
1342 893 1421 958 looo
1439 893 1544 958 unius
1563 894 1649 958 libri
1666 897 1811 964 varietu-

405 1007 475 1064 tem
492 978 540 1064 ad
560 1006 751 1066 ceterorum
773 997 1011 1064 auctoritatem
1031 997 1276 1061 infirmandam
1294 999 1411 1062 valere
1429 1017 1529 1084 posse
1538 1017 1671 1066 censeo.
1694 1009 1809 1070 terre-
1830 1065 1833 1072 .

405 1105 474 1170 tat.
489 1127 579 1171 eum.
619 1107 818 1169 Pronomen
837 1101 942 1168 etiam
962 1105 1030 1167 hoo
1049 1103 1128 1168 loeo
1150 1111 1271 1166 eontra
1291 1103 1448 1168 omnium
1468 1103 1640 1170 librorum
1659 1109 1809 1174 auctori·

401 1217 507 1276 tatem
533 1229 554 1274 a
580 1210 699 1275 Cortio
727 1209 878 1273 deletum
907 1215 967 1274 est.
1006 1206 1393 1290 suae'ltberorumque.
1427 1229 1496 1292 que
1516 1229 1584 1274 om.
1606 1212 1699 1276 Med.
1713 1213 1743 1276 s.
1760 1235 1808 1282 ιι.

401 1335 491 1382 suae
510 1323 622 1399 atque
640 1317 731 1380 Med.
742 1337 772 1397 7.
791 1315 1008 1399 tsyndetom
1027 1315 1122 1396 quod
1142 1311 1246 1376 etiam
1260 1315 1334 1386 Bas,
1353 1333 1381 1382 ι.
1395 1313 1601 1400 sentimas,
1619 1315 1740 1380 durius
1757 1317 1808 1382 vi.

402 1425 513 1488 detur.
533 1421 594 1484 sed
614 1440 693 1496 eum
712 1419 814 1504 plura
833 1417 917 1484 huic
937 1417 1043 1502 ospiti
1062 1417 1192 1501 insint,
1211 1437 1232 1480 a
1255 1417 1552 1502 mlgari'dieendi
1570 1420 1707 1486 ratione
1724 1422 1809 1487 alie·

403 1545 466 1610 na,
486 1524 602 1589 nescio
624 1543 670 1586 au
690 1525 758 1587 hoo
778 1523 883 1588 etiam
904 1521 1085 1588 ferendum
1104 1522 1160 1594 sit.
1183 1517 1399 1607 mediocris,
1417 1523 1499 1589 ride
1518 1523 1611 1589 inira
1630 1547 1658 1590 o.
1678 1529 1707 1590 8.
1727 1548 1808 1612 pro·

403 1629 481 1716 prie
501 1629 629 1694 dicitur
647 1628 686 1692 id
706 1628 896 1714 mediocre,
916 1630 1011 1710 quod
1031 1629 1175 1692 modum
1196 1643 1268 1690 non
1290 1627 1446 1708 excedit;
1466 1631 1534 1694 hoo
1553 1631 1631 1694 looo
1650 1651 1716 1714 pro
1735 1655 1808 1698 ms·

403 1733 465 1800 dio
486 1741 520 1799 et
539 1733 701 1799 modesto
723 1731 874 1817 metum,
903 1736 998 1816 quod
1025 1735 1119 1818 apud
1139 1732 1249 1796 alium
1273 1733 1476 1818 scriptorem
1495 1753 1567 1798 non
1586 1735 1730 1800 memini
1750 1757 1809 1806 me

400 1839 536 1925 legisse.
567 1848 808 1908 transvorsos.
836 1837 963 1904 iterum
982 1837 1111 1924 legitur
1130 1837 1224 1902 inira
1244 1857 1317 1924 cop.
1332 1854 1381 1916 14.
1410 1839 1589 1924 protiverat
1609 1841 1691 1905 Cato
1711 1845 1807 1927 apud

400 1945 492 2010 Gell.
511 1967 540 2026 7.
557 1949 586 2008 3.
607 1943 792 2008 Secundae
810 1963 870 2007 res
893 1940 1040 2007 laetitia
1061 1951 1312 2008 transvorsum
1333 1945 1480 2009 tradere
1498 1947 1641 2028 solent,
1662 1967 1688 2009 a
1706 1953 1807 2012 reete

401 2050 623 2114 consulendo
646 2055 683 2113 et
703 2043 952 2136 intelligendo.
981 2047 1119 2112 Curtius
1138 2049 1184 2110 ad
1202 2065 1276 2133 cap.
1294 2061 1345 2129 49.
1386 2049 1516 2116 multus
1535 2057 1586 2116 est
1606 2051 1644 2114 in
1662 2051 1806 2136 propria

399 2155 503 2234 hujus
522 2154 616 2218 vocis
640 2151 893 2240 significatione
913 2152 1138 2238 illustranda,
1157 2153 1321 2235 quae'jam
1344 2155 1400 2220 vel
1420 2154 1537 2239 pueris
1557 2161 1649 2224 nota.
1677 2155 1806 2222 similis

400 2269 504 2324 sunt:
526 2260 719 2346 oberrare,
740 2279 887 2340 errare,
907 2253 1095 2344 deflectere
1115 2254 1171 2324 via
1191 2266 1254 2324 eto.
1273 2267 1337 2326 eto.
1358 2257 1453 2326 dolis
1468 2255 1720 2352 interfecisset.
1743 2261 1806 2328 'do-

400 2360 446 2428 lis
456 2366 495 2430 in
508 2365 643 2429 duobus
650 2362 751 2428 libris
758 2362 937 2442 omissum
961 2366 1055 2446 quod
1072 2366 1164 2428 Gort.
1184 2384 1351 2431 moresuo
1362 2365 1486 2451 oupide
1499 2364 1655 2450 arripuit.
1675 2364 1806 2432 seilicet

399 2472 492 2535 dolis
521 2471 595 2534 istis
615 2469 720 2534 etiam
740 2467 907 2532 Numidas
933 2465 1011 2532 falli
1029 2469 1182 2555 potuisse
1200 2469 1319 2535 statuit
1337 2513 1348 2555 ,
1374 2470 1425 2535 its
1443 2479 1484 2534 ut
1502 2469 1650 2555 Micipsa
1668 2470 1806 2537 sceleris

399 2573 632 2658 suspicionem
653 2591 724 2634 non
741 2571 935 2636 incurrerit.
955 2574 1054 2654 qnasi
1073 2593 1146 2640 non
1166 2595 1207 2640 ea
1233 2576 1279 2640 sit
1306 2575 1450 2640 istorum
1479 2568 1666 2661 regnorum
1696 2575 1805 2660 ratio,

397 2678 488 2743 utin
509 2682 559 2740 tot
578 2675 949 2740 scelerumoolluvione
970 2676 1061 2739 nihil
1083 2698 1154 2742 non
1169 2679 1384 2763 suspicentur
1400 2679 1570 2756 homines,
1591 2685 1711 2765 cetera,
1725 2699 1805 2762 quae

399 2785 496 2870 dicit,
517 2782 643 2868 inepta.
667 2779 761 2848 dolis
779 2788 870 2848 recte
893 2779 964 2848 dici
981 2781 1159 2864 sequentis
1177 2785 1327 2850 docent:
1356 2804 1471 2868 neque
1484 2806 1554 2870 per
1573 2781 1659 2868 vim,
1688 2805 1805 2868 neque

397 2887 550 2958 insidiis.
1483 2877 1485 2883 Α

478 3001 558 3085 Cap.
582 3001 656 3066 v11.
676 2997 813 3066 statuit
833 2996 1027 3100 objectare.
1047 3019 1146 3087 pron.
1167 2997 1313 3084 omisso,
1333 3002 1430 3083 qnod
1444 2997 1551 3065 cortii
1569 2995 1803 3062 imitatoribus

397 3097 525 3188 offero,
544 3107 766 3191 uthobeant,
788 3103 915 3189 inquo
936 3107 1146 3174 emendandi
1165 3105 1318 3172 studium
1339 3106 1507 3192 expleant.
1528 3103 1622 3168 bello
1636 3103 1804 3168 Numan·

396 3204 489 3278 tino.
511 3208 571 3272 cfr.
592 3209 776 3293 Liv.lEpit.
800 3214 849 3292 ⁵7·
871 3214 1001 3278 Floro.
1016 3235 1064 3294 17.
1084 3213 1207 3292 Vellej.
1221 3235 1249 3274 ι.
1264 3227 1294 3288 ι.
1315 3213 1382 3275 hoo
1401 3211 1536 3274 bellurn
1552 3207 1637 3274 inde
1650 3209 1695 3270 ab
1709 3223 1801 3270 anno

396 3332 508 3390 140-
523 3319 590 3378 13³.
611 3323 744 3402 gestum
765 3322 822 3380 est.
844 3311 968 3406 focile
985 3335 1216 3385 occasurum.
1238 3319 1342 3401 Nesp.
1359 3333 1389 3377 s.
1425 3315 1529 3400 (eum
1549 3335 1596 3381 ιιι.
1617 3331 1681 3378 seo.
1701 3310 1803 3376 addi·

395 3419 483 3498 dil.)
505 3421 597 3488 Med.
617 3443 643 3482 ι.
662 3445 689 3483 ι.
710 3441 756 3486 ιι.
784 3421 869 3487 Ven.
888 3445 915 3484 1.
930 3439 959 3488 a.
985 3423 1082 3485 Bsrb.
1096 3423 1125 3489 5.
1147 3424 1222 3487 Vat.
1240 3444 1267 3483 ι.
1290 3441 1409 3486 ocens-
1428 3441 1520 3484 enm.
1542 3421 1634 3492 Med.
1654 3420 1683 3481 ὁ.
1711 3415 1798 3484 Min.
1922 3421 1926 3430 '
2035 3405 2036 3412 ἵ

396 3537 424 3582 a.
446 3523 565 3592 vato.
594 3529 645 3585 tot
665 3524 836 3589 librorum
864 3527 1046 3588 consensui
1067 3529 1174 3607 cedo,
1204 3525 1351 3589 maxime
1374 3543 1453 3587 oum
1475 3523 1580 3589 etiam
1600 3523 1693 3608 apud
1712 3518 1801 3584 alios

392 3626 576 3712 scriptores
592 3611 788 3712 pronomen
808 3625 1006 3710 omittatur,
1025 3625 1088 3690 ubi
1101 3645 1143 3691 es
1156 3626 1330 3692 infinitivo
1348 3647 1455 3714 genus
1469 3636 1503 3693 et
1516 3645 1679 3694 numerus
1693 3624 1801 3690 ornis·

296 3816 299 3822 Ι
393 3735 424 3796 si
442 3733 645 3798 substantivi
666 3733 819 3820 intelligi
846 3741 966 3816 potest.
985 3733 1030 3798 P.
1043 3729 1248 3804 vetPuttii.
1270 3753 1390 3800 omnes
1409 3734 1481 3799 iere
1500 3734 1585 3798 libri
1604 3732 1718 3798 Italici
1736 3733 1801 3795 lra-

392 3836 485 3898 hent.
507 3837 781 3904 Romanis.vera
790 3836 912 3924 lectio;
932 3838 1066 3906 dativus
1075 3857 1139 3923 pro
1151 3839 1304 3924 genitivo
1325 3843 1417 3925 apud
1435 3837 1799 3920 historiensirequens.

392 3940 541 4006 maxime
560 3961 639 4004 oum
653 3945 798 4008 verbum
817 3942 972 4008 dativum
991 3943 1091 4030 regit.
1097 3942 1158 4012 osr.
1171 3945 1422 4010 Ruddimlnst.
1436 3945 1475 4007 L.
1485 3945 1524 4007 L.
1534 3947 1576 4008 Π.
1591 3965 1626 4029 p.
1638 3947 1708 4024 239.
1721 3961 1756 4004 ιι.
1770 3959 1799 4005 ι.

392 4031 533 4115 obviam
554 4047 682 4110 eundo.
705 4048 729 4109 i.
757 4067 786 4112 e.
814 4051 1012 4134 subeundo,
1042 4048 1283 4134 suscipiundo,
1309 4051 1470 4114 adeundo
1500 4049 1665 4134 pericula.
1706 4041 1800 4130 diffi-

391 4149 568 4220 eillimum
589 4145 772 4236 inprimis.
814 4149 983 4237 inprimis
998 4152 1091 4220 alias
1125 4153 1274 4238 positivo
1308 4153 1526 4238 potissimum
1557 4153 1708 4220 additur.
1736 4141 1799 4225 cir.

391 4261 475 4344 Nep.
493 4263 559 4324 An.
577 4263 624 4329 si.
654 4241 739 4324 euin
761 4253 929 4344 inprimis
947 4262 1073 4326 lautus
1093 4267 1186 4326 esset
1204 4279 1310 4342 eques
1328 4259 1528 4326 Romanus.
1549 4255 1620 4332 cie.
1641 4259 1682 4320 N.
1702 4256 1746 4318 D.
1768 4273 1798 4316 ι.
