4108 4976
1587 446 1704 521 299t

315 614 396 697 Cap.
409 616 528 679 LVIII.
547 610 716 680 remissis.
734 613 816 681 vide
835 633 938 700 supra
950 616 1000 678 55.
1021 608 1119 678 nihil
1135 608 1280 677 remissi
1289 613 1386 696 pati.
1399 617 1482 701 Nep.
1496 614 1659 700 Iphicrat.

252 716 312 780 fin.
346 715 384 782 in
412 719 539 783 labore
563 718 735 785 remissus
761 718 871 786 nimis
888 742 1099 806 parumque
1121 715 1279 804 patiens.
1306 721 1385 784 Caes.
1405 723 1442 784 B.
1465 725 1500 789 C.
1521 717 1661 786 nostris

251 822 512 913 languentibus
532 834 644 910 atque
662 823 786 892 animo
808 823 977 892 remissis.
997 829 1117 890 Horat.
1134 833 1217 910 Epp.
1234 847 1261 887 1.
1278 833 1324 888 58.
1338 845 1388 904 90.
1411 827 1569 890 oderunt
1582 820 1662 916 ugi-

251 931 320 992 Iem
339 951 570 1018 gnarumque
588 927 740 997 remissi.
760 971 803 986 -
824 954 930 996 arma
951 929 1114 1016 capiunt.
1134 931 1228 994 Eich.
1242 950 1412 1015 propere.
1432 928 1551 995 mittit
1571 935 1658 1000 Ven.

254 1055 283 1098 1.
302 1035 406 1100 ceteri
427 1045 598 1121 receptam
616 1037 801 1101 lectionem
811 1037 1025 1100 confirmant.
1047 1039 1243 1102 clamorem
1258 1015 1370 1100 veluti
1382 1038 1582 1100 tumultum
1595 1037 1662 1102 ho·

251 1135 381 1204 stilem.
403 1142 492 1205 Flor.
509 1147 539 1209 3.
560 1163 636 1224 quae
656 1141 816 1206 lectionis
835 1143 981 1206 varietas
1002 1149 1035 1206 et
1054 1141 1130 1225 ipsa
1150 1150 1199 1205 est
1220 1141 1435 1226 testimonio,
1458 1144 1659 1206 tumultum

250 1245 376 1308 rectius
398 1247 523 1310 omitti.
544 1267 647 1330 quam
666 1247 808 1330 quidem
827 1268 946 1312 vocem
968 1247 1131 1310 librarius
1150 1249 1245 1311 haud
1265 1247 1423 1310 indoctus
1443 1246 1481 1310 in
1501 1247 1659 1333 margine

250 1351 468 1436 adscripsisse
487 1353 642 1438 videtur,
662 1363 701 1416 ut
719 1355 790 1417 vim
811 1355 905 1418 vocis
926 1353 1085 1417 clamoris
1106 1353 1295 1418 accuratius
1314 1351 1537 1437 exprimeret,
1562 1355 1657 1416 unde

249 1461 367 1537 postea
388 1455 426 1519 in
448 1457 561 1541 ipsum
578 1460 764 1522 verborum
784 1467 980 1524 contextum
1000 1457 1149 1542 irrepsit.

313 1563 409 1645 ‚Gap
432 1564 518 1629 LIX.
540 1583 613 1645 quo
632 1561 730 1652 regis
748 1565 923 1628 adventus
943 1571 1036 1628 erat.
1064 1561 1205 1626 cfr.Cat.
1219 1565 1268 1644 57.
1296 1556 1450 1646 quu'illi
1468 1563 1657 1628 descensus

249 1672 341 1732 erut.
374 1667 561 1730 Salustium
589 1669 730 1732 nomine
754 1669 887 1734 verbali
909 1659 1092 1750 aliquoties
1110 1688 1174 1750 pro
1200 1668 1276 1749 ipso
1303 1670 1410 1732 verbo
1431 1667 1503 1751 uti,
1519 1667 1591 1745 jam
1611 1667 1657 1728 ad

248 1770 318 1836 Cat.
332 1773 381 1833 35.
403 1772 617 1856 monuimus,
638 1774 700 1835 ubi
720 1774 968 1836 substantivum
991 1791 1069 1834 cum
1090 1789 1169 1832 casu
1189 1771 1288 1832 verbi
1308 1779 1541 1835 constructum
1563 1778 1657 1848 erat,-

247 1877 307 1938 sed
329 1877 402 1938 haec
421 1878 606 1938 verborum
627 1885 795 1940 structura
814 1876 1030 1943 insolentior.
1053 1895 1159 1958 quare
1172 1874 1256 1938 talia
1269 1875 1411 1957 quidem
1422 1878 1585 1958 notanda,
1594 1877 1656 1939 sed

249 1997 321 2040 uon
342 1978 510 2050 imitanda
529 1990 617 2050 sunt.
641 1977 837 2062 quivissent
847 2021 888 2034 -
889 1977 1075 2070 facerent.
1095 1985 1138 2046 de
1159 1992 1353 2065 temporum
1364 1980 1655 2044 conditionalium

247 2083 382 2147 ratione
403 2085 601 2168 nuperrime
626 2087 878 2150 accuratissime
902 2087 1057 2171 exposuit
1083 2089 1232 2173 Krdger.
1262 2085 1323 2151 cfr.
1344 2087 1655 2181 Untersuchungeu

247 2207 308 2250 aus
329 2191 408 2252 dem
429 2190 571 2253 Gebietc
591 2194 653 2253 der
670 2191 910 2256 Lateinischen
928 2195 1153 2276 Sprachlehre
1173 2196 1216 2256 11.
1229 2193 1321 2257 Hcit.
1351 2194 1393 2254 Et
1412 2189 1653 2276 imperfectum

246 2291 428 2356 indicativi
439 2304 473 2356 et
482 2294 692 2374 conjunctivi
712 2317 789 2359 cum
809 2297 1141 2382 plusquamperfecto
1155 2299 1335 2384 componi,
1356 2297 1475 2360 multis
1488 2293 1655 2379 exemplis

248 2403 438 2462 docuerunt
459 2401 699 2486 Grammatici,
725 2406 784 2466 sed
806 2403 1011 2466 indicativus
1030 2403 1101 2468 fere
1121 2404 1207 2489 poni
1226 2405 1329 2489 solet,
1356 2403 1418 2466 ubi
1438 2422 1491 2466 res
1511 2409 1653 2465 051005-

246 2506 390 2590 tissima,
410 2506 445 2569 si·
462 2507 603 2588 quidem
623 2527 663 2571 ea
685 2509 865 2583 eveniunt,
887 2513 979 2572 unde
1000 2510 1063 2573 illa
1082 2514 1218 2595 pendet.
1239 2513 1300 2574 sed
1320 2507 1558 2594 imperfectum
1570 2526 1652 2570 con·

241 2610 389 2690 junctivi
418 2621 492 2676 tum
512 2614 658 2677 maxime
683 2614 841 2698 ponitur,
873 2635 949 2678 cum
978 2616 1113 2698 aliquid
1140 2625 1311 2699 narratur,
1337 2617 1433 2698 quod
1450 2615 1556 2699 vulgo
1574 2612 1653 2678 fieri

244 2717 351 2802 solet,
371 2726 405 2781 et
424 2719 493 2781 vim
515 2719 661 2803 optativi
682 2721 791 2783 Graeci
813 2741 891 2782 cum
909 2721 1079 2804 particula
1100 2721 1138 2788 sie
1159 2721 1329 2805 exprimit.
1351 2719 1410 2783 cfr.
1429 2723 1568 2804 KriIger
1586 2719 1650 2786 1.1.

244 2821 275 2905 ς.
289 2824 328 2884 58
345 2857 370 2870 -
384 2827 433 2884 65.
455 2833 546 2886 50010
569 2825 703 2886 Cortius
735 2825 815 2898 ..hic
836 2835 949 2888 tamen
968 2827 1134 2888 Salustius
1154 2825 1322 2909 peculiari
1343 2827 1448 2893 modo
1468 2821 1650 2906 imperfec-

245 2936 319 2990 tum
340 2934 474 3011 tempus
494 2927 626 3011 posuit,
648 2929 730 3008 quia
750 2949 821 2990 non
842 2938 927 3012 tarn,
948 2933 1042 3010 quod
1064 2940 1145 2992 tunc
1164 2929 1292 2994 lactum
1312 2927 1448 3010 fuisset,
1468 2925 1650 2990 sedetiam

244 3034 330 3117 quid
350 3032 457 3095 moris
476 3033 536 3115 sit,
557 3051 726 3116 exponere
745 3034 888 3095 noluit.»
907 3033 966 3095 cir.
987 3034 1076 3097 Flor.
1094 3041 1122 3096 3.
1142 3056 1190 3102 55.
1214 3052 1261 3094 55.
1287 3038 1441 3116 poterut
1461 3027 1649 3122 videriju·

244 3159 427 3227 reagere,
449 3134 523 3200 nisi
541 3157 689 3200 causam
710 3158 814 3200 suam
834 3133 985 3200 saevitia
1013 3145 1272 3220 corrumperet.
1298 3136 1361 3198 alii
1381 3135 1563 3219 scriptores
1582 3136 1649 3200 mi·

243 3265 308 3309 uus
327 3251 484 3307 accurate
504 3244 626 3306 eodem
647 3253 799 3326 tempore
819 3251 972 3306 utuntur.
993 3241 1052 3306 015.
1073 3243 1147 3306 Liv.
1158 3261 1188 3305 5.
1200 3245 1249 3309 56.
1271 3250 1303 3305 et
1314 3243 1455 3304 Gronov
1475 3244 1520 3303 ad
1532 3247 1581 3318 34.
1595 3263 1645 3312 55.
1708 3231 1711 3240 “

243 3352 334 3415 Flor.
349 3352 378 3413 5.
392 3353 421 3412 3.
440 3353 484 3412 53.
507 3345 643 3431 equites
663 3370 746 3410 cum
760 3344 944 3431 peditibus
959 3344 1146 3431 permixti.
1167 3351 1210 3411 de
1230 3351 1404 3411 hocmore
1417 3346 1646 3412 Numidarum

243 3455 304 3522 015.
324 3457 421 3518 Aust.
441 3459 476 3518 B.
494 3453 599 3518 Afric.
620 3475 649 3516 0.
670 3455 719 3534 69.
741 3462 890 3517 ceterum
908 3457 974 3518 hoc
994 3456 1085 3538 apud
1106 3455 1233 3517 multos
1253 3455 1401 3539 populos
1420 3454 1525 3518 fuisse
1545 3456 1647 3520 insti·
1711 3434 1721 3455 ⁶

177 3625 184 3644 ,
242 3571 373 3638 tutum,
393 3559 475 3623 satis
501 3567 642 3627 constat.
668 3560 770 3623 solet.
784 3557 879 3642 fieri
897 3561 1072 3646 omissum,
1092 3569 1130 3623 ut
1151 3563 1221 3622 Cat.
1234 3578 1285 3640 sq.
1309 3560 1371 3622 ubi
1390 3560 1487 3640 vide,
1513 3563 1556 3626 de
1577 3565 1645 3627 hoc

243 3667 407 3751 equestris
435 3663 562 3750 proelii
582 3683 707 3750 genere
734 3665 794 3728 cfr.
812 3665 946 3729 Liv.31.
962 3669 1010 3729 35.
1039 3675 1073 3730 01
1093 3666 1306 3729 Freinsheim
1327 3669 1370 3727 ad
1391 3661 1480 3732 Flor.
1500 3691 1527 3727 s.
1544 3684 1572 3727 5.
1593 3669 1642 3733 35.
1729 3671 1737 3680 ”

243 3769 405 3838 advorsis
425 3768 534 3854 equis.
556 3769 579 3837 i.
601 3791 631 3834 e.
650 3791 721 3834 non
744 3781 837 3857 terga
855 3773 1044 3854 vertebant,
1070 3773 1127 3834 sed
1150 3773 1272 3833 eodem
1290 3771 1371 3855 loco¹
1389 3769 1589 3852 manebant,
1610 3778 1645 3834 et

241 3875 376 3944 adversi
396 3875 553 3939 hostibus
573 3877 717 3939 stabant.
746 3874 935 3959 implicare
953 3875 1077 3939 aciem.
1099 3876 1122 3937 i.
1143 3896 1171 3938 0.
1193 3876 1332 3938 ordines
1351 3893 1574 3958 perrumpere
1595 3884 1644 3938 at-

242 4004 310 4068 que
330 3979 550 4045 confundere.
579 3981 693 4046 simile
713 3981 945 4067 virgilianum
964 3982 1047 4044 Aen.
1066 3985 1193 4061 501193.
1228 3979 1450 4063 qffusumque
1471 3979 1642 4065 equitem,

241 4109 350 4172 super
371 4085 445 4168 ipse
463 4095 624 4169 secutus,
653 4082 829 4168 implicet.
848 4087 931 4150 Aen.
954 4106 1002 4149 11.
1017 4089 1087 4149 635.
1125 4094 1226 4152 totas
1251 4082 1461 4169 implicuere
1488 4085 1586 4149 inter
1604 4106 1642 4150 se

242 4190 348 4260 acies.
368 4191 430 4254 ubi
451 4189 521 4254 lere
542 4190 634 4254 idem
655 4201 719 4274 est,
754 4195 848 4273 quod
876 4212 1028 4278 pugnam
1054 4192 1196 4256 miscere
1222 4213 1282 4256 seu
1302 4211 1423 4255 manus
1452 4209 1640 4255 conserere.

242 4296 356 4364 victos
376 4297 473 4360 dore.
493 4292 623 4360 locutio
644 4297 795 4378 antiquis
815 4299 1039 4386 scriptoribus
1057 4307 1159 4382 atque
1178 4297 1289 4383 poetis
1309 4298 1442 4360 usitata.
1469 4296 1547 4359 loca
1566 4297 1641 4360 lau·

1200 4413 1223 4460 s
