4106 4974
1520 413 1523 422 ’
1603 415 1674 512 143
1808 403 1811 413 ¹

268 605 343 676 nee
361 603 437 674 son
456 607 597 677 orons
614 611 726 678 oratio
741 609 931 699 aucupa
949 603 1214 694 etndgstaest.
1240 604 1277 670 ta
1297 607 1393 689 quos
1407 606 1581 676 neamus
1596 631 1679 698 ope
1806 569 1829 656 f

266 731 307 780 rs
332 711 475 800 iactum,
508 716 571 799 qui
591 719 735 804 scribas,
765 737 851 801 quos
869 712 1085 802 compendiis
1108 711 1258 778 scribere
1281 714 1467 799 docuerat,
1490 734 1554 801 per
1568 723 1680 784 'totam

266 819 399 884 curiam
416 821 648 909 disposuerat,
666 823 729 908 qui
749 821 888 886 CatonIs
902 822 1008 885 rerba
1028 827 1169 905 excepta
1196 818 1324 902 scripto
1348 822 1561 884 mandarent.
1593 823 1681 902 (etr.

264 925 357 990 Plut.
376 926 403 993 l.
419 926 476 1011 l.)
495 929 662 994 Praeterea
673 927 842 992 Salustius
857 929 925 992 boc
943 926 1084 992 silentio
1099 926 1334 1011 pretermisit,
1353 928 1448 1008 quod
1467 928 1550 990 Cato
1576 927 1682 994 etiam
1781 972 1783 980 ι

265 1030 361 1094 bona
379 1029 524 1098 illorum
546 1033 759 1117 publicanda
781 1039 970 1099 censuerat.
997 1033 1087 1096 Cum
1108 1031 1202 1096 enim
1221 1030 1261 1094 in
1280 1031 1354 1110 ejus
1378 1031 1585 1112 sententIam
1601 1034 1684 1118 plu·

131 1179 139 1200 .
266 1133 350 1200 rimi
369 1144 542 1202 senatores
559 1138 808 1224 discessissent,
838 1140 883 1204 de
910 1134 1013 1202 bonis
1033 1136 1254 1222 publicandis
1271 1138 1383 1201 Cesar
1404 1135 1531 1202 iterum
1550 1139 1682 1208 obstre-

264 1239 365 1325 puit,
384 1240 514 1327 quippe
527 1242 591 1324 qui
605 1243 758 1310 noluerit
767 1263 832 1310 sus
844 1263 887 1311 ex
895 1240 1067 1309 sententia
1076 1241 1115 1306 id
1126 1239 1290 1326 retineri,
1310 1244 1406 1323 quod
1413 1241 1519 1328 louge
1537 1240 1683 1308 durissi-

266 1363 362 1406 mum
380 1345 457 1411 fuit.
490 1351 585 1430 quod
607 1370 686 1414 cum
703 1349 807 1414 multi
837 1369 880 1416 eo
900 1348 1012 1414 insito
1028 1347 1271 1430 defenderent,
1292 1348 1336 1408 ad
1347 1345 1504 1410 tribunos
1515 1352 1682 1430 provoca-

266 1446 326 1513 vil·
346 1449 512 1532 Aquinus
529 1453 692 1541 rejectus,
711 1454 854 1522 tortasse
874 1453 1001 1519 frustra
1019 1459 1139 1518 contra
1156 1449 1374 1534 tetendisset,
1396 1449 1466 1514 uisi
1481 1448 1599 1514 cicero
1617 1449 1685 1516 ito·

149 1545 155 1555 ’
215 1619 219 1626 ,
265 1573 344 1620 rum
364 1563 540 1624 senatores
565 1559 604 1624 in
625 1555 828 1648 suffragium
846 1559 1002 1626 misisset.
1041 1557 1102 1624 cfr.
1117 1559 1199 1622 Plut
1224 1556 1294 1620 Cic.
1314 1575 1363 1618 αι.
1398 1554 1531 1635 Vellsjo
1566 1562 1685 1618 aucto·

268 1677 306 1724 re
336 1661 395 1744 (a.
414 1661 488 1746 3⁵.)
517 1663 628 1745 maior
650 1685 732 1754 pars
758 1657 906 1734 senatus¹
921 1667 1088 1731 catonem
1126 1666 1270 1727 domum
1291 1660 1444 1727 deduxit.
1465 1662 1612 1726 sedhaec
1630 1657 1685 1724 ni·

234 1853 236 1856 ¹
266 1761 322 1828 hil
341 1766 388 1827 ad
410 1767 615 1836 orationem.
644 1773 721 1837 Hoc
751 1781 866 1838 autem
894 1770 976 1836 satis
1007 1767 1191 1854 probabile
1220 1755 1361 1832 videtur
1379 1809 1391 1848 ,
1410 1761 1611 1828 -Salustiuru
1639 1764 1680 1828 in
1748 1847 1754 1860 ,
1812 1752 1814 1760 ¹

267 1867 332 1933 hac
372 1872 531 1938 oratione
561 1879 800 1960 componenda
832 1875 941 1962 magis
970 1873 1008 1940 id
1035 1871 1162 1959 egisse,
1204 1880 1243 1936 ut
1277 1868 1427 1955 effigiem
1450 1868 1591 1950 Catonis
1615 1869 1686 1934 rir-

267 1973 351 2040 tutis
370 1989 505 2070 summ
523 1987 603 2045 arte·
627 1999 819 2066 expressam
847 1987 951 2064 eique
976 1978 1123 2066 politam
1144 1977 1376 2059 relinqueret,
1401 1995 1506 2057 quam
1523 1981 1563 2036 ut
1583 1991 1685 2038 εοεα-

248 2079 378 2146 ,ratius
399 2083 518 2148 omnia
537 2087 779 2172 perscriberet,
808 2106 887 2169 quse
905 2085 969 2152 ille
999 2085 1039 2148 in
1058 2081 1237 2150 sententia
1250 2079 1396 2144 dicenda
1415 2077 1685 2161 comprehende·

267 2189 330 2250 rat.
932 2265 935 2274 Ι
1118 2269 1123 2276 ¹

320 2356 323 2362 ,
348 2289 429 2372 Cap.
445 2291 536 2352 LIII.
553 2289 788 2360 Consulares.
809 2311 868 2360 eos
891 2299 1068 2361 enumerat
1087 2291 1156 2358 Cic.
1174 2293 1256 2376 Epp.
1278 2290 1323 2352 ad
1340 2288 1408 2354 Att.
1428 2303 1476 2350 m.
1492 2307 1542 2350 ss.
1561 2285 1687 2372 sapius

267 2389 498 2488 sejunguntur
519 2414 541 2457 a
564 2396 686 2464 ceteris
702 2399 939 2486 senatoribus,
959 2399 1043 2482 qula
1066 2398 1211 2464 illorum
1232 2393 1344 2459 multo
1367 2391 1517 2456 maxima
1538 2392 1687 2458 auctori.

269 2503 320 2560 tas
336 2496 413 2561 fuit.
433 2519 568 2590 -magra
584 2511 660 2584 atq.
677 2506 768 2568 alar.
788 2508 883 2570 hunc
902 2507 1087 2573 verborum
1109 2503 1269 2570 ordinem
1288 2521 1329 2566 ex
1351 2496 1481 2563 Italicis
1507 2496 1610 2560 libris
1633 2515 1688 2562 so·
1714 2491 1717 2498 ’

267 2601 322 2665 lus
344 2603 430 2669 Ver.
446 2627 474 2668 s.
496 2607 611 2672 habet.
626 2644 670 2659 -
688 2603 846 2675 habetur
858 2619 898 2676 ut
916 2611 1057 2696 sapius,
1075 2607 1125 2674 ita
1142 2611 1211 2673 hoc
1226 2607 1304 2672 loeo
1333 2623 1375 2669 ex
1390 2605 1509 2668 Graeoo
1527 2619 1689 2666 sermone

267 2707 520 2790 explicandum.
541 2711 604 2782 cfr.
626 2731 729 2799 supra
748 2735 821 2800 cap.
837 2739 866 2789 1.
888 2725 923 2782 et
941 2719 986 2782 de
1002 2719 1090 2802 ttep.
1113 2713 1198 2780 Ord.
1216 2737 1244 2776 a.
1261 2713 1291 2773 8.
1305 2702 1379 2774 sabi
1396 2703 1544 2772 divitiae
1563 2709 1689 2771 clarae
1772 2707 1773 2712 ’

271 2808 466 2881 labentur.
487 2823 565 2882 Caes.
588 2821 623 2882 Β.
643 2821 684 2884 G.
697 2843 745 2884 αι.
767 2817 964 2888 Considius
980 2817 1039 2886 rei
1057 2817 1234 2884 militaris
1249 2809 1496 2897 peritissimus
1532 2807 1686 2872 habeba·

271 2924 345 2987 tur.
361 2919 482 2984 -Sed
489 2907 592 2984 'mist
601 2931 664 2985 etc.
674 2923 822 2988 consilio
842 2925 1039 2988 auctorhoc
1051 2920 1220 2987 orationis
1242 2917 1345 2981 initio
1353 2935 1434 2980 usus
1444 2935 1516 2978 esse
1529 2915 1687 2996 videtur,

270 3029 309 3085 ut
328 3013 518 3106 legentium
529 3013 665 3090 animos
674 3029 718 3090 ad
727 3027 785 3113 id,
803 3029 898 3110 quod
913 3027 1067 3090 dicturus
1091 3034 1182 3107 eret,
1202 3025 1405 3088 adverteret.
1425 3013 1606 3082 sustinere
1619 3016 1683 3082 ie.

271 3134 472 3194 sustentare.
493 3126 553 3190 cfr.
565 3127 638 3194 Lir.
655 3132 684 3192 6.
708 3133 756 3194 rs.
776 3127 1009 3196 necessitates
1029 3124 1201 3194 aliorum.
1219 3125 1353 3192 cotum.
1368 3143 1398 3204 9.
1427 3139 1476 3198 14.
1493 3117 1690 3205 penuriam
1749 3121 1751 3126 '

274 3237 491 3314 temporum,
509 3231 570 3297 cir.
586 3234 670 3298 Hor.
690 3235 750 3319 Ep.
762 3251 792 3303 a.
812 3257 840 3298 ι.
863 3257 889 3298 ι.
908 3271 950 3287 -
971 3236 1115 3324 magnis
1134 3227 1268 3322 legion.
1288 3230 1322 3294 h.
1342 3229 1365 3302 i.
1388 3247 1418 3297 e.
1439 3226 1574 3312 magnis
1593 3242 1689 3292 exer-

160 3359 162 3366 ’
272 3337 407 3416 citibus.
435 3341 531 3420 quod
550 3339 658 3426 igitur
677 3341 715 3405 in
736 3340 887 3425 pedestri
905 3339 1071 3425 scriptore
1092 3336 1261 3418 occurrit,
1293 3335 1334 3400 in
1360 3342 1464 3418 poeta
1481 3332 1689 3416 interpretes

275 3439 366 3508 ferre
388 3444 592 3512 debuerunt.
613 3444 675 3513 ofr.
696 3443 878 3512 Heindorf.
907 3448 953 3510 ad
967 3447 1090 3510 Horat.
1107 3443 1206 3508 Satis.
1229 3465 1262 3504 s..
1274 3445 1305 3506 6.
1322 3439 1431 3518 noire
1443 3440 1521 3524 lug.
1539 3458 1589 3518 79.
1610 3435 1686 3500 Lir.

283 3551 315 3612 ³·
336 3555 373 3627 33
397 3569 446 3630 17·
466 3565 523 3630 ²73
545 3550 595 3614 28.
617 3553 667 3616 38.
688 3547 916 3618 contendisse
939 3587 982 3604 -
1004 3558 1120 3640 gesta.
1140 3540 1249 3635 genus
1265 3546 1366 3612 verbi
1384 3553 1518 3610 mutare
1537 3541 1689 3606 Salustio

284 3653 556 3718 usitatissimum.
578 3654 638 3720 cfr.
653 3676 680 3719 c.
695 3659 745 3720 51.
767 3653 1026 3721 circumvenire
1046 3652 1195 3740 -fierd
1217 3653 1254 3716 cf
1257 3673 1283 3716 r.
1304 3674 1332 3716 c.
1353 3657 1403 3716 tio.
1423 3653 1501 3734 Jug.
1515 3670 1565 3728 97.
1596 3643 1692 3736 sor·

278 3762 393 3822 tunae
410 3754 619 3824 violentiam
640 3760 664 3824 i.
685 3781 715 3824 e.
735 3760 911 3826 sevitiam.
934 3755 1124 3848 facundia
1143 3756 1166 3819 i.
1184 3775 1214 3820 e.
1244 3755 1356 3820 oratio
1383 3763 1461 3837 apte
1482 3749 1689 3834 composita;

275 3864 528 3945 quamquidem
539 3871 648 3929 artem
655 3885 728 3951 pre
747 3865 870 3930 ceteris
888 3863 1079 3948 disciplinis
1098 3861 1241 3927 laudare
1253 3861 1401 3938 ridetur,
1415 3859 1509 3941 quod
1527 3855 1610 3921 huic
1626 3875 1690 3942 po·

276 3966 447 4032 fissimum
458 3970 575 4035 studio
580 3969 725 4049 juvenes
743 3970 894 4036 Romani
913 3970 1024 4035 dediti
1045 3976 1152 4034 erant.
1165 3970 1208 4032 de
1225 3985 1261 4030 re
1273 3963 1333 4030 cir.
1345 3963 1447 4029 Osid.
1467 3965 1554 4029 Fast.
1571 3968 1604 4027 3.
1619 3979 1688 4030 ros.

277 4071 349 4136 Lir.
362 4081 391 4146 8,
403 4089 460 4152 ²²3
473 4080 522 4138 ³1.
536 4091 587 4151 44.
601 4076 691 4142 Plin.
704 4079 789 4162 Epp.
808 4079 838 4141 8.
851 4092 900 4155 44.
920 4069 1047 4166 gloria
1065 4069 1158 4138 betti.
1178 4072 1239 4136 cfr.
1264 4074 1374 4136 Caesar
1393 4073 1429 4135 B.
1450 4071 1490 4134 G.
1503 4073 1531 4134 5.
1547 4072 1595 4144 54.
1618 4064 1686 4130 Cic.

271 4179 322 4242 de
342 4178 490 4262 Harusp.
510 4181 612 4265 Resp.
631 4203 660 4264 9.
681 4203 747 4268 pro
762 4185 860 4248 Rosc.
877 4183 952 4246 Am.
971 4181 1017 4246 ab.
1050 4185 1137 4246 ante
1154 4177 1262 4244 Rom.
1287 4175 1346 4240 etr.
1362 4178 1441 4240 Tac.
1455 4175 1544 4238 Anu.
1568 4173 1616 4235 ιδ.
1639 4187 1688 4254 ¹4.

278 4284 403 4350 nullos
423 4281 638 4352 mortalium
660 4286 774 4356 armis
793 4296 862 4355 aut
873 4287 951 4373 fide
968 4293 1058 4354 ante
1078 4287 1279 4350 Germanos
1301 4301 1385 4356 esse.
1409 4278 1496 4347 Hist·
1515 4295 1545 4356 4.
1561 4275 1612 4340 55.
1633 4273 1688 4340 in-
