4108 4976
1589 413 1660 490 ²77

255 611 327 662 esse
347 591 494 673 dictum,
513 607 570 654 me
587 586 626 652 in
646 583 843 652 clarissimis
863 589 966 668 atque
983 582 1203 670 amplissimis
1223 585 1341 672 rebus,
1382 588 1495 650 tamen
1518 584 1663 678 aliquod
1758 635 1773 644 .

256 697 567 765 testimoniumtuae
582 694 677 758 vocis
686 693 815 756 hebere
822 693 1006 758 voluisse.>²
1025 687 1254 780 agitabatur.
1275 689 1349 754 sine
1358 709 1436 753 casu
1447 689 1565 754 addito
1575 690 1663 758 Hist.

255 807 386 891 Fragm.
400 825 427 865 ι.
443 804 472 864 Β.
487 797 547 868 cfr.
561 819 663 883 supra
678 802 715 861 18
730 807 764 864 et
780 818 828 878 19.
846 793 999 886 gloriae.
1014 796 1073 860 cfr.
1087 817 1190 880 supra
1203 801 1254 859 δι.
1266 816 1390 879 paces.
1411 795 1558 859 cir.Tac.
1574 797 1663 862 Anu.

256 915 283 974 ³.
298 913 349 986 45.
370 925 609 970 memorarem
631 913 765 968 veteres
785 905 978 986 Gallorum
997 899 1150 990 glorios.
1172 902 1242 964 Cic.
1251 921 1314 985 pro
1325 900 1466 964 Plancio
1479 915 1529 978 ιι.
1549 901 1665 968 hono-

256 1035 340 1079 rum
356 1012 497 1102 gradus
512 1029 624 1093 pares
644 1015 749 1091 snut,
765 1002 913 1095 gloriae
932 1007 1105 1089 dispares.
1127 1006 1217 1074 Gell.
1238 1027 1264 1068 ι.
1286 1023 1337 1088 27.
1362 1015 1533 1088 quaestus
1553 1014 1665 1090 atque

257 1113 507 1201 compendium
525 1110 745 1202 gloriarum.
766 1113 869 1177 elium
874 1112 1039 1195 praedae
1051 1111 1235 1195 saepissime
1245 1110 1404 1174 occurrit.
1425 1111 1663 1200 urguebatur.

256 1223 307 1299 ilc
326 1222 594 1295 Ven.1..Vet.s.
613 1218 674 1286 cfr.
702 1218 780 1282 locu
806 1217 1079 1284 luculentissima
1105 1215 1271 1301 Quinctil.
1300 1217 1451 1282 Declsm.
1471 1220 1518 1278 13⁴.
1538 1225 1572 1280 et
1589 1219 1662 1280 Ho-

258 1336 322 1393 rat.
344 1327 410 1388 Od.
424 1342 453 1388 2.
469 1327 517 1391 ιθ.
535 1324 680 1409 Appiam
696 1327 732 1388 B.
748 1324 820 1388 Civ.
838 1345 866 1387 ι.
879 1343 909 1404 7.
931 1322 1058 1386 Duker.
1078 1324 1123 1386 ed
1138 1323 1227 1386 Flos.
1241 1327 1271 1386 3.
1292 1336 1339 1397 14.
1359 1330 1394 1385 et
1413 1323 1528 1386 Senec.
1540 1324 1599 1405 Ep.
1614 1341 1669 1404 90.

258 1440 410 1498 ceterum
430 1426 607 1514 militum,
632 1431 727 1510 quod
748 1429 874 1512 aliquis
899 1427 939 1492 in
968 1423 1141 1492 clientum
1171 1435 1303 1492 mutate
1322 1425 1449 1510 voluit,
1479 1429 1610 1510 optime
1629 1449 1667 1494 se

256 1539 379 1615 hubet3
411 1535 624 1620 potentiores
644 1534 791 1618 scilicet,
817 1553 887 1616 quo
910 1541 1066 1616 tempore
1083 1531 1346 1615 patresfamilias
1357 1531 1397 1596 in
1408 1531 1510 1594 Italis
1519 1553 1668 1616 presen-

257 1650 307 1707 tes
326 1646 483 1726 aderant,
503 1641 643 1704 sedibus
663 1659 721 1706 eos
739 1639 870 1725 pellere
890 1657 962 1702 non
977 1636 1052 1702 susi
1072 1645 1161 1719 sunt,
1181 1640 1344 1701 ceddum
1364 1637 1421 1701 illi
1431 1638 1603 1721 stipendia
1616 1637 1673 1702 is-

259 1748 413 1834 ciebant,
444 1767 564 1813 eorum
584 1764 707 1810 uxores
725 1746 924 1823 liberosque
960 1741 1099 1822 injuriis
1128 1735 1324 1805 effecerunt.
1345 1741 1453 1805 modo
1475 1733 1678 1807 modestia-⁹

259 1874 337 1937 que.
358 1852 419 1915 cfr.
438 1855 510 1914 Cat.
526 1873 574 1912 ιι.
594 1846 692 1914 nihil
701 1846 818 1932 pensi.
838 1846 899 1909 cfr.
921 1848 990 1908 Cat.
1002 1847 1032 1907 6.
1045 1839 1317 1927 praecipitavit.
1339 1843 1398 1908 cir.
1426 1847 1498 1909 Cal.
1512 1849 1562 1910 25.
1588 1849 1668 1934 lug.

261 1975 308 2036 ¹4·
321 1966 353 2020 et
366 1961 416 2020 δι.
438 1977 483 2019 en
502 1951 709 2037 nobilitate,
729 1971 805 2035 quae
824 1969 924 2016 voces
945 1969 1064 2014 omnes
1084 1949 1169 2013 libri
1189 1949 1328 2034 habent,
1349 1950 1466 2015 Cortio
1488 1953 1532 2014 sb
1552 1955 1670 2020 alienu

258 2081 364 2126 manu
384 2059 502 2125 addita
521 2058 744 2137 videbuntur3
773 2057 856 2140 quia
876 2064 966 2122 recte
985 2055 1103 2120 statuit
1122 2058 1190 2119 hoc
1209 2075 1282 2119 nou
1301 2057 1414 2120 solum
1435 2062 1479 2122 sd
1499 2058 1668 2124 nobilitu-

258 2163 338 2249 fem,
358 2165 531 2231 sedetiam
543 2167 587 2231 ad
598 2163 752 2247 plehejos
761 2164 943 2247 pertinere.
954 2165 1014 2226 sed
1026 2181 1104 2227 eum
1113 2159 1240 2248 fugisse
1248 2160 1400 2248 videtur,
1410 2161 1588 2255 injustum
1596 2187 1666 2249 po-

259 2267 414 2340 tentiam
436 2268 576 2332 nonnisi
596 2268 770 2334 nobilium
799 2289 885 2354 esse,
918 2277 952 2332 et
972 2277 1145 2334 auctorem
1165 2268 1205 2332 in
1224 2267 1504 2334 antecedentibus
1523 2271 1667 2356 dixisse,

258 2375 479 2450 nobilitatem
494 2381 600 2440 semet
621 2376 730 2460 ipsum
749 2375 987 2460 praecipitasse.
1026 2376 1113 2437 Tum
1132 2374 1231 2440 firma
1251 2373 1345 2440 enim
1366 2395 1407 2440 eo
1429 2385 1581 2461 tempore
1601 2399 1668 2442 nc·

258 2482 405 2550 bilitstis
424 2480 580 2567 potentie
599 2479 799 2567 videbatur,
825 2491 864 2546 ut
884 2485 990 2548 homo
1012 2483 1157 2547 obscuro
1176 2482 1256 2546 loco
1274 2488 1386 2566 ortus,
1408 2481 1574 2566 nullaque
1593 2501 1668 2547 ma-

256 2587 375 2668 jorum
395 2587 696 2654 commendatione
715 2607 796 2653 usus
821 2590 866 2652 ad
885 2607 960 2653 eam
981 2591 1201 2652 evertendam
1222 2586 1313 2650 nihil
1333 2587 1471 2653 valeret.
1490 2598 1581 2654 recte
1600 2589 1668 2675 igi-

258 2703 315 2760 tur
334 2706 453 2760 auctor
471 2693 576 2760 verbu
597 2714 643 2758 ex
656 2689 852 2757 nobilitate
871 2693 1006 2772 adjecit.
1028 2689 1203 2759 dissensio
1225 2688 1341 2772 civilis
1350 2689 1459 2774 quusi
1463 2690 1667 2776 permixtio

260 2805 392 2862 terrae.
414 2802 487 2862 haec
508 2798 664 2862 omnium
685 2797 757 2862 fere
771 2799 941 2862 librorum
956 2798 1069 2864 lectio.
1093 2819 1196 2878 quam
1208 2797 1344 2860 Cottius
1355 2798 1517 2880 correxit,
1538 2806 1666 2883 ctper·

261 2900 393 2966 mistio
407 2901 531 2982 civilis,
553 2900 661 2981 qnasi
679 2897 848 2966 discessio
870 2910 993 2964 terroe
1010 2901 1081 2985 legi
1088 2901 1206 2979 jussit3
1221 2921 1309 2982 quse
1322 2901 1466 2981 quidem
1474 2902 1668 2969 acutissime

260 3024 331 3070 esse
352 3005 442 3069 dictu
464 3023 566 3068 nemo
587 3023 659 3067 non
679 3003 846 3068 concedit.
867 3006 927 3068 sed
945 3023 1026 3068 vera
1046 3005 1133 3087 sint,
1154 3023 1217 3068 nec
1236 3025 1299 3084 nc,
1317 3006 1390 3068 haec
1413 3005 1482 3067 alia
1502 3013 1552 3070 est
1571 3028 1666 3088 quae-

159 3153 178 3162 -
260 3110 337 3173 slio.
350 3105 572 3192 permixtio,
592 3129 668 3188 qun
684 3129 751 3172 vox
765 3108 907 3171 rarioris
926 3115 975 3170 est
996 3127 1091 3190 usus,
1112 3108 1162 3171 ita
1174 3106 1309 3169 dicitur
1329 3106 1372 3168 ab
1384 3108 1575 3194 Augustino
1591 3111 1665 3182 civ.

259 3221 298 3280 D.
322 3215 369 3278 15.
387 3231 437 3276 nu.
464 3209 572 3293 sacta
594 3220 647 3276 est
661 3210 879 3297 permixtio,
917 3221 953 3277 et
969 3209 1179 3295 ,iniquitate
1205 3207 1455 3297 participata,
1482 3217 1667 3295 ‘quaedam

260 3301 453 3400 utriusque
473 3311 643 3406 confusio
665 3313 835 3382 civitatis.
869 3319 973 3384 etiam
993 3321 1108 3384 Aurel.
1127 3317 1217 3384 Vict.
1233 3332 1284 3393 41.
1313 3313 1420 3409 cujus
1442 3317 1571 3406 gratia
1595 3315 1668 3387 rei·

256 3421 426 3510 publicae
433 3417 821 3512 permistionemfore,
832 3429 1058 3488 ostentorum
1072 3417 1378 3506 miraprodidere.
1399 3443 1551 3504 quorum
1560 3428 1669 3513 scrip-

261 3537 375 3594 torum
397 3547 475 3590 cum
496 3547 559 3610 per
579 3546 614 3591 se
632 3547 738 3610 parve
757 3528 801 3592 sit
822 3529 1023 3616 auctoritas,
1044 3536 1157 3593 tamen
1177 3529 1244 3592 hoc
1264 3545 1338 3590 non
1355 3527 1597 3617 omittendum,
1609 3553 1668 3601 eos

260 3633 333 3698 fere
352 3630 658 3706 insolentissimam
680 3651 853 3713 quumque
880 3634 1103 3716 antiquorum
1124 3633 1329 3717 scriptorum
1349 3631 1560 3702 locutionem
1580 3641 1668 3706 sole-

263 3757 302 3802 re
322 3737 463 3801 imitari.
504 3736 653 3820 Accedit,
673 3739 768 3817 quod
783 3735 985 3819 permixtio
1008 3747 1130 3802 terrae
1149 3739 1207 3801 vix
1226 3737 1297 3802 dici
1316 3755 1415 3819 posse
1428 3739 1574 3806 videtur.
1587 3763 1669 3808 con·

263 3853 314 3908 tra
334 3838 507 3909 discessio
523 3850 660 3925 terrae,
680 3863 784 3925 quum
804 3842 902 3910 finxit
923 3845 1013 3907 Cori.
1033 3843 1228 3925 lectionem,
1249 3841 1503 3926 elegantissimas
1522 3855 1580 3912 est.
1607 3849 1668 3916 cfr.

263 3949 331 4014 Cic.
351 3941 417 4012 Off.
431 3952 460 4010 3.
472 3969 501 4028 9.
532 3949 592 4014 sed
619 3948 844 4012 locutionem.
855 3945 1136 4031 permixtionem
1164 3955 1287 4012 terrae
1306 3946 1349 4012 ub
1370 3966 1434 4012 usu
1454 3949 1583 4038 linguae
1602 3959 1669 4020 La.

263 4054 344 4118 sinc
365 4072 437 4116 non
456 4053 562 4135 plene
583 4054 785 4138 abhorrere,
811 4054 936 4118 docent
955 4071 1031 4134 quse
1052 4056 1145 4134 apud
1165 4049 1353 4137 Virgilium
1374 4066 1565 4120 occurrunt.
1585 4059 1669 4128 Aen.

265 4181 295 4225 s.
311 4179 379 4238 ¹⁰7·
401 4157 547 4222 coelum,
562 4166 772 4242 terramque
792 4154 953 4226 miscere.
971 4156 996 4219 Ι.
1012 4156 1037 4220 1.
1054 4165 1121 4222 sut.
1148 4177 1284 4245 magno
1313 4154 1461 4230 misceri
1483 4180 1670 4228 murmure

259 4271 409 4346 pontus.
428 4261 512 4326 Aen.
525 4279 555 4342 9.
568 4277 639 4342 714.
670 4261 823 4332 miscent
849 4283 887 4328 se
906 4259 1039 4332 moria.
1072 4261 1136 4326 alii
1161 4262 1317 4328 Graecmn
1337 4264 1558 4348 proverbium
1576 4267 1608 4357 ii
1629 4273 1671 4359 ᾖ
