4106 4974
398 389 471 468 228

398 587 521 650 dnonas
539 583 724 670 Hiempsal
736 583 942 670 sagunnam
962 582 1155 672 ignobilem
1169 580 1396 669 judicaverit,
1416 584 1565 652 doceret.
1585 581 1718 672 impar.
1737 587 1801 659 cir.

397 691 476 756 Tae.
497 690 672 760 Hierone.
687 693 736 757 6ο.
772 695 886 772 pater
905 688 1132 776 consularis,
1158 709 1245 755 orus
1257 685 1493 774 praetorius,
1513 679 1720 756 rr'ratcrrrum
1738 715 1801 784 ge·

397 815 470 859 rcus
489 791 617 879 impar.
643 795 718 860 Ην.
731 795 761 858 6.
775 799 826 874 ³4·
845 792 1096 886 quodjuncto
1117 791 1253 880 impari
1269 801 1370 860 esset.
1391 833 1435 850 -
1453 793 1590 861 assedit
1611 818 1690 862 cum
1701 819 1800 866 acon·

398 899 508 966 sativo
527 899 639 964 rarius
652 899 828 985 jungitur.
855 899 916 965 eir.
932 900 1006 964 Ην.
1023 903 1073 964 26.
1093 917 1142 976 aa.
1162 900 1224 976 sit,
1245 899 1352 969 Italic.
1371 919 1402 982 9.
1417 903 1489 970 666.
1515 902 1630 966 Aurel-
1648 905 1737 971 vict.
1756 908 1802 974 de

375 1077 379 1082 ,
401 1008 486 1072 Cera.
500 1025 551 1080 ro,
571 1004 698 1071 iterum
717 1007 810 1089 apud
835 1005 904 1070 Sel.
931 1006 971 1070 in
990 1005 1191 1094 fragmentis
1216 1007 1365 1072 occurrit
1384 1007 1548 1084 Priscinn,
1563 1011 1595 1072 6.
1614 1026 1685 1092 419.
1711 1011 1800 1076 Edit.

397 1113 520 1180 Krehl.
540 1112 642 1196 opud
657 1109 840 1177 Numidas
859 1109 1004 1180 honori.
1042 1113 1149 1178 etism
1169 1115 1263 1198 apud
1285 1113 1373 1176 aliu
1390 1121 1509 1198 gentes
1528 1121 1562 1178 et
1581 1113 1676 1178 hand
1689 1114 1801 1182 -dubie

400 1221 494 1303 apud
514 1217 607 1303 ipsos
626 1219 812 1290 Romanos.
845 1217 939 1299 quod
957 1225 997 1281 ut
1016 1217 1283 1304 significaretur,
1312 1217 1516 1302 interpretes
1535 1225 1573 1284 et
1593 1217 1675 1284 addi
1690 1221 1803 1300 jusse-

399 1331 497 1406 runt,
517 1325 578 1386 sed
598 1331 689 1386 recte
709 1324 843 1388 eortius
861 1326 928 1386 hoo
946 1326 1156 1408 superfluum
1177 1341 1248 1389 esse
1263 1321 1441 1404 judicarit.
1491 1320 1636 1390 Dehinc
1654 1327 1802 1392 tandem

399 1437 455 1490 nt.
474 1429 549 1492 Vct.
567 1429 598 1490 6.
619 1423 701 1491 dein
721 1437 775 1492 ut.
794 1429 909 1494 vrrs.
930 1425 1056 1492 deinde
1075 1437 1120 1492 ut
1139 1429 1230 1493 Med.
1245 1443 1274 1506 4.
1295 1430 1355 1492 sed
1374 1430 1465 1492 bene
1483 1445 1520 1496 se
1541 1431 1645 1496 habet
1665 1439 1803 1514 tamen,

401 1532 440 1599 in
461 1552 530 1614 quo
550 1527 735 1598 offendisse
752 1532 916 1597 ridentur
933 1530 1088 1617 librarii,
1117 1531 1200 1616 quia
1229 1531 1292 1596 snb
1312 1531 1417 1598 tinem
1437 1533 1604 1599 orationis
1625 1533 1684 1600 via
1701 1537 1803 1602 addi·

400 1646 474 1704 tom
489 1646 550 1705 est.
568 1637 940 1722 sedhoeipsnmqunm
960 1637 1109 1704 maxime
1117 1637 1366 1722 Salustium,
1384 1637 1561 1722 particulis
1574 1640 1701 1704 additis
1715 1643 1804 1707 dnos
1898 1687 1908 1704 .

400 1761 519 1810 sensus
539 1743 578 1806 in
597 1761 707 1808 unum
726 1745 939 1808 contrahere.
970 1741 1103 1807 scilicet
1123 1750 1247 1807 tamen
1265 1742 1441 1827 prioribus
1453 1743 1662 1828 oppositum
1683 1743 1745 1808 ria·
1756 1749 1803 1812 ad

393 1843 589 1940 fatigatus
604 1849 764 1932 pertinet.
772 1843 980 1938 fatigatus,
1000 1847 1124 1932 sapius
1143 1855 1178 1911 et
1198 1846 1365 1913 instanter
1384 1858 1533 1933 rogetus.
1560 1848 1640 1912 ride
1660 1847 1752 1914 inira
1772 1869 1804 1914 c.

402 1957 454 2024 66.
473 1956 599 2018 lustin.
618 1958 648 2017 6.
666 1971 696 2017 s.
716 1955 809 2038 apud
825 1953 899 2016 Lir.
915 1973 950 2036 9,
964 1970 1027 2032 ρος
1047 1969 1084 2028 4¹
1098 1997 1109 2026 ,
1123 1973 1162 2034 73
1182 1951 1298 2037 41,18.
1318 1953 1424 2038 vulgo
1437 1949 1623 2038 precibus,
1644 1952 1805 2022 interro·

401 2058 631 2152 potionibus,
644 2059 803 2144 petendo
824 2059 1009 2122 adduntur.
1029 2063 1149 2122 contre
1166 2057 1246 2120 Tac.
1259 2057 1347 2125 Hire
1361 2079 1388 2120 r.
1406 2075 1457 2139 ap.
1473 2052 1648 2148 fatigare
1666 2059 1750 2126 deos
1768 2067 1805 2126 et

403 2173 433 2232 6.
445 2173 496 2232 66.
517 2164 682 2232 lacrimis
690 2161 1188 2257 farigare-transductus.
1204 2161 1289 2226 libri
1308 2163 1479 2229 meliores.
1499 2163 1614 2240 «idem
1628 2163 1806 2232 sonantius

403 2283 438 2339 et
456 2272 630 2338 veteribus
649 2273 813 2336 usitatum
834 2269 920 2335 dicit
947 2267 1073 2332 Donet.
1092 2269 1139 2331 ad
1157 2271 1293 2334 Terent.
1312 2271 1452 2343 Phorm.
1472 2267 1548 2337 init
1570 2269 1631 2338 cir.
1654 2271 1806 2336 Cassiod.

405 2399 481 2466 pag.
498 2395 587 2461 ³²94·
608 2387 642 2444 ct
661 2376 781 2444 Velius
799 2378 938 2461 Longus
956 2397 991 2458 p.
1007 2389 1097 2456 ²²²7·
1119 2393 1160 2438 ex
1180 2393 1251 2458 qno
1271 2373 1379 2440 discas
1410 2375 1665 2462 transductus,
1686 2385 1806 2442 tronc-

320 2473 323 2480 ’
406 2485 520 2569 misit,
542 2479 730 2572 transjicit
738 2481 920 2566 scriptum,
938 2482 999 2543 sed
1010 2479 1694 2566 troductusetaiodeinoepsenuncietnnr
1705 2481 1806 2548 esse.”

408 2591 501 2652 cort.
533 2588 771 2651 transductus
791 2593 844 2650 est
865 2586 904 2649 in
924 2586 1066 2650 altorem
1085 2595 1238 2671 partem,
1267 2586 1291 2660 i.
1313 2607 1342 2652 e.
1362 2606 1400 2652 se
1419 2587 1592 2652 transduci
1610 2606 1727 2671 passm
1755 2594 1807 2652 est

404 2694 463 2760 rix
481 2703 657 2779 permotus
676 2701 742 2779 cst,
762 2700 802 2756 ut
821 2693 961 2758 alteram
982 2703 1115 2779 portent
1136 2688 1447 2785 occuparctjocit.
1466 2695 1569 2774 hujus
1587 2693 1681 2757 vocis
1699 2692 1807 2756 iidcrn

292 2835 299 2844 ·
407 2809 440 2868 et
460 2801 544 2864 libri
564 2799 724 2866 meliores
744 2809 779 2866 et
799 2799 936 2864 Cottius
955 2797 1074 2864 multia
1093 2797 1258 2883 exemplis
1276 2795 1502 2864 conlirmrit.
1530 2797 1589 2865 oli.
1610 2797 1721 2862 Cicer.
1741 2815 1807 2882 pro

408 2909 507 2972 Roso.
528 2910 622 2971 Corn.
638 2927 669 2986 9.
696 2906 873 2970 Tuom.
888 2929 915 2970 ι.
937 2926 985 2968 ιο.
1011 2904 1085 2968 Ην.
1100 2911 1149 2980 64.
1167 2907 1194 2968 6.
1216 2905 1347 2968 Seneca
1361 2903 1544 2988 Hippolyt.
1557 2903 1627 2983 669.
1661 2901 1710 2966 s'io
1723 2897 1809 2997 jae·

410 3019 507 3098 tore,
527 3009 726 3103 conjicere,
747 3007 898 3102 injicere
916 3010 1042 3095 passim
1064 3011 1155 3093 apud
1175 3009 1365 3094 scriptores.
1386 3009 1557 3094 significet
1576 3007 1668 3072 lere:
1690 3003 1809 3072 obiter

409 3117 554 3200 aliquid
570 3137 874 3202 commemorare,
895 3111 1019 3181 leviter
1030 3123 1200 3205 tongere,
1220 3135 1296 3180 non
1316 3110 1471 3182 comitio
1492 3124 1609 3197 atque·
1623 3113 1666 3178 de
1684 3106 1810 3177 indue·

411 3215 488 3286 tria
516 3244 591 3286 rem
620 3219 783 3304 aliquam
816 3230 991 3285 tractore.
1034 3224 1095 3285 sed
1125 3220 1204 3284 aliis
1228 3219 1318 3284 locis
1347 3239 1410 3304 pro
1427 3215 1618 3310 proferne,
1646 3211 1809 3308 inferre,

410 3324 625 3412 enuntiare,
644 3347 816 3417 sporgere
842 3324 980 3391 dicitur.
1022 3327 1192 3390 consulto
1213 3331 1248 3388 et
1268 3323 1413 3389 decreto
1433 3321 1569 3390 omnio.
1595 3321 1719 3388 omnio
1738 3343 1810 3388 orn.

411 3435 485 3495 Vnt.
499 3437 527 3494 6.
547 3435 607 3495 sed
625 3436 809 3497 verborum
829 3433 979 3517 positum
1001 3448 1120 3496 omnes
1139 3429 1224 3496 libri
1238 3428 1442 3495 confirmant
1461 3445 1564 3512 quem
1585 3429 1719 3492 (lortius
1731 3428 1812 3492 nni·

410 3553 452 3600 us
472 3534 556 3596 libri
577 3534 774 3598 testimonio
794 3545 970 3617 permotus
989 3535 1150 3614 corrupit.
1170 3537 1341 3599 consulta
1361 3543 1397 3598 et
1417 3537 1562 3600 decreta
1596 3554 1664 3616 qua
1683 3551 1720 3598 re
1739 3531 1813 3597 dii-

411 3641 538 3719 temno,
559 3641 654 3703 haud
675 3637 776 3706 facile
796 3635 1015 3722 explicueris,
1037 3637 1133 3718 quod
1153 3637 1245 3700 enirn
1262 3639 1444 3705 discrimen
1459 3661 1481 3705 a
1495 3641 1673 3705 nonnullis
1690 3637 1814 3706 stitui-

412 3758 486 3831 tnr‚
506 3749 568 3811 illa
589 3747 870 3832 deplurimorum
884 3763 1070 3829 consensu,
1089 3743 1277 3810 herenius
1290 3746 1436 3810 consilio
1446 3747 1618 3832 proponi,
1637 3746 1673 3810 id
1687 3745 1812 3809 lnlsnnr

412 3861 474 3914 est.
494 3849 620 3916 reclini
639 3856 752 3938 dicas,
770 3875 843 3918 rem
869 3854 1014 3940 centiens
1039 3853 1144 3915 modo
1171 3851 1366 3916 consultum
1393 3853 1499 3916 modo
1519 3855 1695 3917 decretum
1713 3849 1813 3929 dieis

411 3959 482 4022 lroc
503 3955 596 4018 enim
617 3956 653 4017 id
673 3961 766 4038 qnod
783 3959 926 4036 jubetur
944 3956 1134 4040 significat,
1166 3956 1256 4020 illud
1284 3958 1329 4018 nd
1359 3957 1528 4022 rationem
1563 3958 1710 4022 ineundi
1730 3975 1813 4020 con·

414 4061 488 4132 silii
507 4055 666 4143 pertinet.
703 4079 837 4140 parum
867 4055 990 4124 orrr'rrco
1012 4057 1170 4128 voluisse.
1200 4061 1280 4124 virle
1300 4059 1392 4126 inira
1412 4081 1485 4146 csp.
1501 4067 1552 4126 66.
1567 4065 1638 4127 Cat.
1656 4065 1685 4126 6.
1707 4058 1812 4126 illum

417 4167 536 4235 tribus
541 4159 735 4250 proximis.
758 4164 847 4228 Med.
864 4183 894 4243 7.
910 4165 939 4224 6.
955 4185 1002 4225 ιι.
1017 4179 1048 4239 4.
1060 4181 1088 4230 s.
1107 4185 1216 4248 m.pr.
1237 4146 1322 4232 Min.
1337 4185 1363 4228 ι.
1383 4165 1478 4230 Eich.
1499 4169 1573 4232 Vat.
1587 4191 1614 4237 r.
1626 4184 1656 4244 4.
1665 4169 1693 4229 6.
1714 4169 1815 4232 Barb.

417 4291 447 4342 o.
467 4277 553 4345 Ven.
566 4281 594 4350 ι’,
623 4270 733 4338 miror
752 4268 791 4335 in
809 4269 876 4338 hoo
896 4269 974 4335 looo
994 4269 1103 4338 Cottii
1121 4269 1316 4358 fidentiam,
1343 4271 1405 4358 qni
1421 4293 1507 4338 oum
1533 4291 1727 4362 pronomen
1756 4273 1817 4344 ltr'r
