<?xml version="1.0" encoding="UTF-8"?>
<!DOCTYPE html PUBLIC "-//W3C//DTD XHTML 1.0 Transitional//EN"
    "http://www.w3.org/TR/xhtml1/DTD/xhtml1-transitional.dtd">
<html xmlns="http://www.w3.org/1999/xhtml" xml:lang="en" lang="en">
 <head>
  <title>
</title>
<meta http-equiv="Content-Type" content="text/html;charset=utf-8" />
  <meta name='ocr-system' content='tesseract 3.04.00' />
  <meta name='ocr-capabilities' content='ocr_page ocr_carea ocr_par ocr_line ocrx_word'/>
</head>
<body>
  <div class='ocr_page' id='page_1' title='image "./salustiiquaeexs02sallgoog_0290.png"; bbox 0 0 4108 4976; ppageno 0'>
   <div class='ocr_carea' id='block_1_1' title="bbox 210 597 1755 1754">
    <p class='ocr_par' dir='ltr' id='par_1_1' title="bbox 210 597 1755 1754">
     <span class='ocr_line' id='line_1_1' title="bbox 269 597 1682 696; baseline 0 -24"><span class='ocrx_word' id='word_1_1' title='bbox 269 598 487 692; x_wconf 53' lang='lat' dir='ltr'><strong>,prosapias</strong></span> <span class='ocrx_word' id='word_1_2' title='bbox 508 602 605 670; x_wconf 84' lang='lat' dir='ltr'><strong>dixit.</strong></span> <span class='ocrx_word' id='word_1_3' title='bbox 625 603 716 669; x_wconf 86' lang='lat' dir='ltr'><strong>bene</strong></span> <span class='ocrx_word' id='word_1_4' title='bbox 734 608 850 668; x_wconf 82' lang='lat' dir='ltr'><strong>antem</strong></span> <span class='ocrx_word' id='word_1_5' title='bbox 870 600 909 666; x_wconf 90' lang='lat' dir='ltr'><strong>in</strong></span> <span class='ocrx_word' id='word_1_6' title='bbox 928 597 1073 685; x_wconf 83' lang='lat' dir='ltr'><strong>homine</strong></span> <span class='ocrx_word' id='word_1_7' title='bbox 1091 597 1230 684; x_wconf 82' lang='lat' dir='ltr'><strong>plebeio</strong></span> <span class='ocrx_word' id='word_1_8' title='bbox 1245 599 1375 688; x_wconf 89' lang='lat' dir='ltr'><strong>Mario,</strong></span> <span class='ocrx_word' id='word_1_9' title='bbox 1394 609 1428 668; x_wconf 91' lang='lat' dir='ltr'><strong>et</strong></span> <span class='ocrx_word' id='word_1_10' title='bbox 1447 602 1487 668; x_wconf 89' lang='lat' dir='ltr'><strong>in</strong></span> <span class='ocrx_word' id='word_1_11' title='bbox 1506 612 1682 696; x_wconf 77' lang='grc'><strong>44441441,</strong></span> 
     </span>
     <span class='ocr_line' id='line_1_2' title="bbox 210 704 1680 800; baseline 0.001 -22"><span class='ocrx_word' id='word_1_12' title='bbox 210 727 240 800; x_wconf 29' lang='grc' dir='ltr'><strong>’ἐ</strong></span> <span class='ocrx_word' id='word_1_13' title='bbox 269 717 422 791; x_wconf 71' lang='lat' dir='ltr'><strong>,vetusto</strong></span> <span class='ocrx_word' id='word_1_14' title='bbox 443 711 548 778; x_wconf 84' lang='lat' dir='ltr'><strong>etiam</strong></span> <span class='ocrx_word' id='word_1_15' title='bbox 568 712 739 776; x_wconf 87' lang='lat' dir='ltr'><strong>vocabulo</strong></span> <span class='ocrx_word' id='word_1_16' title='bbox 758 728 841 776; x_wconf 90' lang='lat' dir='ltr'><strong>usus</strong></span> <span class='ocrx_word' id='word_1_17' title='bbox 868 716 933 789; x_wconf 89' lang='lat' dir='ltr'><strong>est;</strong></span> <span class='ocrx_word' id='word_1_18' title='bbox 960 727 1023 771; x_wconf 89' lang='lat' dir='ltr'><strong>nec</strong></span> <span class='ocrx_word' id='word_1_19' title='bbox 1045 705 1154 792; x_wconf 84' lang='lat' dir='ltr'><strong>tangit</strong></span> <span class='ocrx_word' id='word_1_20' title='bbox 1175 704 1277 771; x_wconf 88' lang='lat' dir='ltr'><strong>illum</strong></span> <span class='ocrx_word' id='word_1_21' title='bbox 1298 711 1520 792; x_wconf 82' lang='lat' dir='ltr'>reprehensio</span> <span class='ocrx_word' id='word_1_22' title='bbox 1541 715 1638 780; x_wconf 86' lang='lat' dir='ltr'><strong>Fabii</strong></span> <span class='ocrx_word' id='word_1_23' title='bbox 1654 739 1680 780; x_wconf 89' lang='grc' dir='ltr'><strong>ι.</strong></span> 
     </span>
     <span class='ocr_line' id='line_1_3' title="bbox 271 811 1681 900; baseline 0 -16"><span class='ocrx_word' id='word_1_24' title='bbox 271 822 300 884; x_wconf 67' lang='lat' dir='ltr'><strong>fu</strong></span> <span class='ocrx_word' id='word_1_25' title='bbox 316 836 369 896; x_wconf 88' lang='grc' dir='ltr'><strong>4ο.</strong></span> <span class='ocrx_word' id='word_1_26' title='bbox 391 827 425 885; x_wconf 83' lang='grc'><strong>41</strong></span> <span class='ocrx_word' id='word_1_27' title='bbox 441 819 470 882; x_wconf 84' lang='grc'><strong>8.</strong></span> <span class='ocrx_word' id='word_1_28' title='bbox 484 822 514 882; x_wconf 93' lang='grc'><strong>3.</strong></span> <span class='ocrx_word' id='word_1_29' title='bbox 530 826 600 881; x_wconf 55' lang='lat' dir='ltr'><strong>so.»</strong></span> <span class='ocrx_word' id='word_1_30' title='bbox 619 819 712 881; x_wconf 76' lang='lat' dir='ltr'><strong>&#39;Cart</strong></span> <span class='ocrx_word' id='word_1_31' title='bbox 733 815 794 900; x_wconf 81' lang='grc'><strong>414.</strong></span> <span class='ocrx_word' id='word_1_32' title='bbox 813 815 943 879; x_wconf 84' lang='lat' dir='ltr'><strong>Sueten</strong></span> <span class='ocrx_word' id='word_1_33' title='bbox 965 813 1086 878; x_wconf 80' lang='lat' dir='ltr'><strong>Galba.</strong></span> <span class='ocrx_word' id='word_1_34' title='bbox 1097 829 1126 875; x_wconf 89' lang='grc'><strong>4.</strong></span> <span class='ocrx_word' id='word_1_35' title='bbox 1149 811 1258 876; x_wconf 89' lang='lat' dir='ltr'><strong>Plaut.</strong></span> <span class='ocrx_word' id='word_1_36' title='bbox 1272 815 1378 883; x_wconf 84' lang='lat' dir='ltr'><strong>Mero.</strong></span> <span class='ocrx_word' id='word_1_37' title='bbox 1394 820 1423 880; x_wconf 91' lang='grc'><strong>3.</strong></span> <span class='ocrx_word' id='word_1_38' title='bbox 1439 831 1471 894; x_wconf 87' lang='grc'><strong>4.</strong></span> <span class='ocrx_word' id='word_1_39' title='bbox 1486 833 1536 898; x_wconf 83' lang='grc'><strong>49.</strong></span> <span class='ocrx_word' id='word_1_40' title='bbox 1557 821 1681 886; x_wconf 83' lang='lat' dir='ltr'><strong>lustin.</strong></span> 
     </span>
     <span class='ocr_line' id='line_1_4' title="bbox 272 916 1755 1010; baseline 0.003 -20"><span class='ocrx_word' id='word_1_41' title='bbox 272 943 321 1003; x_wconf 85' lang='grc'><strong>44.</strong></span> <span class='ocrx_word' id='word_1_42' title='bbox 333 929 362 994; x_wconf 88' lang='grc'><strong>6.</strong></span> <span class='ocrx_word' id='word_1_43' title='bbox 381 947 426 988; x_wconf 94' lang='grc' dir='ltr'><strong>ιι.</strong></span> <span class='ocrx_word' id='word_1_44' title='bbox 448 925 518 989; x_wconf 86' lang='lat' dir='ltr'><strong>Cic.</strong></span> <span class='ocrx_word' id='word_1_45' title='bbox 541 927 585 990; x_wconf 92' lang='lat' dir='ltr'><strong>de</strong></span> <span class='ocrx_word' id='word_1_46' title='bbox 603 925 721 989; x_wconf 88' lang='lat' dir='ltr'><strong>Inven.</strong></span> <span class='ocrx_word' id='word_1_47' title='bbox 743 947 788 988; x_wconf 89' lang='grc' dir='ltr'><strong>ιι.</strong></span> <span class='ocrx_word' id='word_1_48' title='bbox 811 916 1029 1010; x_wconf 78' lang='lat' dir='ltr'><em>imaginum,</em></span> <span class='ocrx_word' id='word_1_49' title='bbox 1049 916 1317 984; x_wconf 74' lang='lat' dir='ltr'><strong>nullius.&#39;Berol.</strong></span> <span class='ocrx_word' id='word_1_50' title='bbox 1331 936 1361 996; x_wconf 92' lang='grc'><strong>4.</strong></span> <span class='ocrx_word' id='word_1_51' title='bbox 1384 919 1682 1004; x_wconf 84' lang='lat' dir='ltr'><strong>officiisui.nibil</strong></span> <span class='ocrx_word' id='word_1_52' title='bbox 1748 945 1755 964; x_wconf 88' lang='lat'><strong>·</strong></span> 
     </span>
     <span class='ocr_line' id='line_1_5' title="bbox 268 1027 1685 1116; baseline 0.002 -20"><span class='ocrx_word' id='word_1_53' title='bbox 268 1032 404 1096; x_wconf 75' lang='lat' dir='ltr'><strong>variam</strong></span> <span class='ocrx_word' id='word_1_54' title='bbox 425 1031 515 1094; x_wconf 86' lang='lat' dir='ltr'><strong>Itall.</strong></span> <span class='ocrx_word' id='word_1_55' title='bbox 534 1029 635 1116; x_wconf 84' lang='lat' dir='ltr'><strong>libri,</strong></span> <span class='ocrx_word' id='word_1_56' title='bbox 664 1029 735 1094; x_wconf 89' lang='lat' dir='ltr'><strong>nisi</strong></span> <span class='ocrx_word' id='word_1_57' title='bbox 762 1030 856 1112; x_wconf 84' lang='lat' dir='ltr'><strong>quod</strong></span> <span class='ocrx_word' id='word_1_58' title='bbox 879 1027 919 1090; x_wconf 93' lang='lat' dir='ltr'><strong>in</strong></span> <span class='ocrx_word' id='word_1_59' title='bbox 946 1029 1020 1093; x_wconf 87' lang='lat' dir='ltr'><strong>Vat.</strong></span> <span class='ocrx_word' id='word_1_60' title='bbox 1037 1049 1062 1089; x_wconf 91' lang='grc' dir='ltr'><strong>ι.</strong></span> <span class='ocrx_word' id='word_1_61' title='bbox 1076 1039 1107 1103; x_wconf 92' lang='grc'><strong>4.</strong></span> <span class='ocrx_word' id='word_1_62' title='bbox 1140 1029 1227 1090; x_wconf 87' lang='lat' dir='ltr'><strong>ordo</strong></span> <span class='ocrx_word' id='word_1_63' title='bbox 1250 1028 1434 1092; x_wconf 88' lang='lat' dir='ltr'><strong>verborum</strong></span> <span class='ocrx_word' id='word_1_64' title='bbox 1454 1037 1605 1098; x_wconf 88' lang='lat' dir='ltr'><strong>mutatus</strong></span> <span class='ocrx_word' id='word_1_65' title='bbox 1624 1043 1685 1098; x_wconf 86' lang='lat' dir='ltr'><strong>est.</strong></span> 
     </span>
     <span class='ocr_line' id='line_1_6' title="bbox 268 1128 1681 1227; baseline -0.001 -23"><span class='ocrx_word' id='word_1_66' title='bbox 268 1137 333 1205; x_wconf 84' lang='lat' dir='ltr'><strong>sui</strong></span> <span class='ocrx_word' id='word_1_67' title='bbox 349 1131 791 1221; x_wconf 79' lang='lat' dir='ltr'><strong>officii-imperatorem</strong></span> <span class='ocrx_word' id='word_1_68' title='bbox 794 1128 974 1227; x_wconf 83' lang='lat' dir='ltr'><strong>jussistis.</strong></span> <span class='ocrx_word' id='word_1_69' title='bbox 994 1135 1069 1202; x_wconf 86' lang='lat' dir='ltr'><strong>Vat.</strong></span> <span class='ocrx_word' id='word_1_70' title='bbox 1081 1151 1111 1197; x_wconf 91' lang='lat' dir='ltr'><strong>a.</strong></span> <span class='ocrx_word' id='word_1_71' title='bbox 1124 1134 1223 1196; x_wconf 89' lang='lat' dir='ltr'><strong>Barb.</strong></span> <span class='ocrx_word' id='word_1_72' title='bbox 1239 1155 1268 1197; x_wconf 90' lang='grc'><strong>4.</strong></span> <span class='ocrx_word' id='word_1_73' title='bbox 1286 1135 1315 1197; x_wconf 80' lang='grc'><strong>3.</strong></span> <span class='ocrx_word' id='word_1_74' title='bbox 1336 1133 1430 1200; x_wconf 81' lang='lat' dir='ltr'><strong>Eicb.</strong></span> <span class='ocrx_word' id='word_1_75' title='bbox 1451 1156 1527 1217; x_wconf 83' lang='lat' dir='ltr'><strong>quae</strong></span> <span class='ocrx_word' id='word_1_76' title='bbox 1539 1138 1681 1219; x_wconf 83' lang='lat' dir='ltr'><strong>quidem</strong></span> 
     </span>
     <span class='ocr_line' id='line_1_7' title="bbox 269 1238 1682 1328; baseline -0.003 -18"><span class='ocrx_word' id='word_1_77' title='bbox 269 1243 446 1328; x_wconf 75' lang='lat' dir='ltr'><strong>scripturas</strong></span> <span class='ocrx_word' id='word_1_78' title='bbox 476 1241 709 1326; x_wconf 70' lang='lat' dir='ltr'><strong>discrepantia</strong></span> <span class='ocrx_word' id='word_1_79' title='bbox 742 1262 813 1306; x_wconf 89' lang='lat' dir='ltr'><strong>non</strong></span> <span class='ocrx_word' id='word_1_80' title='bbox 833 1241 1057 1328; x_wconf 82' lang='lat' dir='ltr'><strong>negligenda,</strong></span> <span class='ocrx_word' id='word_1_81' title='bbox 1078 1259 1203 1328; x_wconf 80' lang='lat' dir='ltr'><strong>magna</strong></span> <span class='ocrx_word' id='word_1_82' title='bbox 1224 1238 1318 1304; x_wconf 87' lang='lat' dir='ltr'><strong>enim</strong></span> <span class='ocrx_word' id='word_1_83' title='bbox 1337 1239 1526 1327; x_wconf 83' lang='lat' dir='ltr'><strong>librorum,</strong></span> <span class='ocrx_word' id='word_1_84' title='bbox 1555 1243 1682 1325; x_wconf 84' lang='lat' dir='ltr'><strong>quibus</strong></span> 
     </span>
     <span class='ocr_line' id='line_1_8' title="bbox 270 1340 1737 1433; baseline 0.001 -19"><span class='ocrx_word' id='word_1_85' title='bbox 270 1350 376 1433; x_wconf 88' lang='lat' dir='ltr'><strong>inest,</strong></span> <span class='ocrx_word' id='word_1_86' title='bbox 398 1349 592 1418; x_wconf 79' lang='lat' dir='ltr'><strong>auctoritas.</strong></span> <span class='ocrx_word' id='word_1_87' title='bbox 613 1347 761 1412; x_wconf 79' lang='grc'><strong>414114.</strong></span> <span class='ocrx_word' id='word_1_88' title='bbox 778 1371 805 1433; x_wconf 89' lang='grc' dir='ltr'><strong>ι,</strong></span> <span class='ocrx_word' id='word_1_89' title='bbox 819 1365 869 1411; x_wconf 87' lang='grc'><strong>44.</strong></span> <span class='ocrx_word' id='word_1_90' title='bbox 889 1357 992 1428; x_wconf 80' lang='grc' dir='ltr'><strong>41ι7.</strong></span> <span class='ocrx_word' id='word_1_91' title='bbox 1013 1366 1068 1431; x_wconf 87' lang='grc' dir='ltr'><strong>ιο,</strong></span> <span class='ocrx_word' id='word_1_92' title='bbox 1085 1369 1132 1408; x_wconf 91' lang='grc' dir='ltr'><strong>ιι.</strong></span> <span class='ocrx_word' id='word_1_93' title='bbox 1154 1366 1191 1431; x_wconf 85' lang='lat'><strong>9,</strong></span> <span class='ocrx_word' id='word_1_94' title='bbox 1208 1351 1259 1412; x_wconf 94' lang='grc' dir='ltr'><strong>3ο.</strong></span> <span class='ocrx_word' id='word_1_95' title='bbox 1282 1341 1315 1408; x_wconf 86' lang='lat' dir='ltr'><strong>is</strong></span> <span class='ocrx_word' id='word_1_96' title='bbox 1335 1340 1500 1428; x_wconf 85' lang='lat' dir='ltr'><strong>imperat.</strong></span> <span class='ocrx_word' id='word_1_97' title='bbox 1521 1367 1682 1431; x_wconf 83' lang='lat' dir='ltr'><strong>pronom.</strong></span> <span class='ocrx_word' id='word_1_98' title='bbox 1733 1363 1737 1369; x_wconf 83' lang='lat'><em>&#39;</em></span> 
     </span>
     <span class='ocr_line' id='line_1_9' title="bbox 252 1445 1680 1541; baseline -0.003 -21"><span class='ocrx_word' id='word_1_99' title='bbox 252 1455 397 1520; x_wconf 81' lang='lat' dir='ltr'><strong>omisso</strong></span> <span class='ocrx_word' id='word_1_100' title='bbox 425 1455 535 1520; x_wconf 87' lang='lat' dir='ltr'><strong>Berol.</strong></span> <span class='ocrx_word' id='word_1_101' title='bbox 549 1458 579 1518; x_wconf 92' lang='grc'><strong>3.</strong></span> <span class='ocrx_word' id='word_1_102' title='bbox 610 1455 702 1524; x_wconf 87' lang='lat' dir='ltr'><strong>Med.</strong></span> <span class='ocrx_word' id='word_1_103' title='bbox 719 1445 747 1536; x_wconf 91' lang='lat'><strong>7.</strong></span> <span class='ocrx_word' id='word_1_104' title='bbox 763 1455 794 1518; x_wconf 83' lang='grc'><strong>3.</strong></span> <span class='ocrx_word' id='word_1_105' title='bbox 810 1475 861 1541; x_wconf 84' lang='grc' dir='ltr'><strong>ιο.</strong></span> <span class='ocrx_word' id='word_1_106' title='bbox 874 1474 920 1516; x_wconf 89' lang='grc' dir='ltr'><strong>ιι.</strong></span> <span class='ocrx_word' id='word_1_107' title='bbox 949 1456 1033 1520; x_wconf 86' lang='lat' dir='ltr'><strong>Veu.</strong></span> <span class='ocrx_word' id='word_1_108' title='bbox 1043 1468 1081 1530; x_wconf 85' lang='grc'><strong>4.</strong></span> <span class='ocrx_word' id='word_1_109' title='bbox 1109 1454 1184 1520; x_wconf 89' lang='lat' dir='ltr'><strong>Vat.</strong></span> <span class='ocrx_word' id='word_1_110' title='bbox 1201 1475 1228 1514; x_wconf 91' lang='grc' dir='ltr'><strong>ι.</strong></span> <span class='ocrx_word' id='word_1_111' title='bbox 1243 1469 1272 1514; x_wconf 92' lang='grc'><strong>4.</strong></span> <span class='ocrx_word' id='word_1_112' title='bbox 1285 1453 1317 1514; x_wconf 91' lang='grc'><strong>3.</strong></span> <span class='ocrx_word' id='word_1_113' title='bbox 1345 1449 1473 1533; x_wconf 85' lang='lat' dir='ltr'><strong>quibus</strong></span> <span class='ocrx_word' id='word_1_114' title='bbox 1504 1453 1680 1518; x_wconf 90' lang='lat' dir='ltr'><strong>assentior.</strong></span> 
     </span>
     <span class='ocr_line' id='line_1_10' title="bbox 269 1555 1684 1652; baseline -0.004 -22"><span class='ocrx_word' id='word_1_115' title='bbox 269 1561 328 1630; x_wconf 84' lang='lat' dir='ltr'><strong>Ac</strong></span> <span class='ocrx_word' id='word_1_116' title='bbox 349 1582 414 1652; x_wconf 81' lang='lat' dir='ltr'><strong>ego</strong></span> <span class='ocrx_word' id='word_1_117' title='bbox 434 1558 523 1627; x_wconf 91' lang='lat' dir='ltr'><strong>scio.</strong></span> <span class='ocrx_word' id='word_1_118' title='bbox 543 1559 686 1626; x_wconf 80' lang='lat' dir='ltr'><strong>fortasse</strong></span> <span class='ocrx_word' id='word_1_119' title='bbox 706 1567 804 1624; x_wconf 86' lang='lat' dir='ltr'><strong>notat</strong></span> <span class='ocrx_word' id='word_1_120' title='bbox 823 1561 1020 1644; x_wconf 84' lang='lat' dir='ltr'><strong>Lucullum,</strong></span> <span class='ocrx_word' id='word_1_121' title='bbox 1046 1578 1149 1643; x_wconf 86' lang='lat' dir='ltr'><strong>quem</strong></span> <span class='ocrx_word' id='word_1_122' title='bbox 1171 1567 1271 1622; x_wconf 85' lang='lat' dir='ltr'><strong>antea</strong></span> <span class='ocrx_word' id='word_1_123' title='bbox 1287 1555 1352 1622; x_wconf 77' lang='lat' dir='ltr'><strong>rrei</strong></span> <span class='ocrx_word' id='word_1_124' title='bbox 1372 1557 1534 1622; x_wconf 87' lang='lat' dir='ltr'><strong>militaris</strong></span> <span class='ocrx_word' id='word_1_125' title='bbox 1551 1561 1684 1641; x_wconf 87' lang='lat' dir='ltr'><strong>rudem,</strong></span> 
     </span>
     <span class='ocr_line' id='line_1_11' title="bbox 270 1664 1683 1754; baseline -0.003 -22"><span class='ocrx_word' id='word_1_126' title='bbox 270 1687 364 1753; x_wconf 85' lang='lat' dir='ltr'><strong>cum,</strong></span> <span class='ocrx_word' id='word_1_127' title='bbox 385 1669 533 1753; x_wconf 88' lang='lat' dir='ltr'><strong>imperio</strong></span> <span class='ocrx_word' id='word_1_128' title='bbox 553 1666 641 1731; x_wconf 92' lang='lat' dir='ltr'><strong>belli</strong></span> <span class='ocrx_word' id='word_1_129' title='bbox 660 1664 890 1731; x_wconf 80' lang='lat' dir='ltr'><strong>Mithridatici</strong></span> <span class='ocrx_word' id='word_1_130' title='bbox 911 1674 1068 1748; x_wconf 87' lang='lat' dir='ltr'><strong>accepto,</strong></span> <span class='ocrx_word' id='word_1_131' title='bbox 1087 1666 1127 1726; x_wconf 89' lang='lat' dir='ltr'><strong>in</strong></span> <span class='ocrx_word' id='word_1_132' title='bbox 1139 1665 1256 1754; x_wconf 78' lang='lat' dir='ltr'><strong>Asiam</strong></span> <span class='ocrx_word' id='word_1_133' title='bbox 1278 1664 1464 1748; x_wconf 82' lang='lat' dir='ltr'><strong>trajiceret,</strong></span> <span class='ocrx_word' id='word_1_134' title='bbox 1486 1665 1683 1730; x_wconf 82' lang='lat' dir='ltr'><strong>Graecorum</strong></span> 
     </span>
    </p>
   </div>
   <div class='ocr_carea' id='block_1_2' title="bbox 270 1768 1793 1859">
    <p class='ocr_par' dir='ltr' id='par_1_2' title="bbox 270 1768 1793 1859">
     <span class='ocr_line' id='line_1_12' title="bbox 270 1768 1793 1859; baseline -0.003 -21"><span class='ocrx_word' id='word_1_135' title='bbox 270 1774 405 1859; x_wconf 88' lang='lat' dir='ltr'><strong>scriptis</strong></span> <span class='ocrx_word' id='word_1_136' title='bbox 413 1774 453 1837; x_wconf 91' lang='lat' dir='ltr'><strong>in</strong></span> <span class='ocrx_word' id='word_1_137' title='bbox 464 1774 588 1838; x_wconf 87' lang='lat' dir='ltr'><strong>itinere</strong></span> <span class='ocrx_word' id='word_1_138' title='bbox 600 1771 835 1857; x_wconf 81' lang='lat' dir='ltr'><strong>perlegendis,</strong></span> <span class='ocrx_word' id='word_1_139' title='bbox 855 1768 983 1846; x_wconf 80' lang='lat' dir='ltr'><strong>tactum</strong></span> <span class='ocrx_word' id='word_1_140' title='bbox 996 1769 1238 1854; x_wconf 84' lang='lat' dir='ltr'><strong>imperatorem</strong></span> <span class='ocrx_word' id='word_1_141' title='bbox 1249 1769 1288 1834; x_wconf 88' lang='lat' dir='ltr'><strong>in</strong></span> <span class='ocrx_word' id='word_1_142' title='bbox 1297 1771 1414 1834; x_wconf 81' lang='lat' dir='ltr'><strong>Asiam</strong></span> <span class='ocrx_word' id='word_1_143' title='bbox 1422 1770 1556 1836; x_wconf 86' lang='lat' dir='ltr'><strong>venisse</strong></span> <span class='ocrx_word' id='word_1_144' title='bbox 1566 1770 1683 1835; x_wconf 86' lang='lat' dir='ltr'><strong>cicero</strong></span> <span class='ocrx_word' id='word_1_145' title='bbox 1789 1851 1793 1856; x_wconf 28' lang='lat'>·</span> 
     </span>
    </p>
   </div>
   <div class='ocr_carea' id='block_1_3' title="bbox 183 1869 1765 4281">
    <p class='ocr_par' dir='ltr' id='par_1_3' title="bbox 183 1869 1765 4281">
     <span class='ocr_line' id='line_1_13' title="bbox 271 1869 1682 1963; baseline -0.003 -21"><span class='ocrx_word' id='word_1_146' title='bbox 271 1879 385 1942; x_wconf 89' lang='lat' dir='ltr'><strong>tradit.</strong></span> <span class='ocrx_word' id='word_1_147' title='bbox 418 1881 541 1963; x_wconf 77' lang='lat' dir='ltr'><strong>Quaest.</strong></span> <span class='ocrx_word' id='word_1_148' title='bbox 572 1879 721 1953; x_wconf 73' lang='grc'><strong>144414.</strong></span> <span class='ocrx_word' id='word_1_149' title='bbox 738 1897 765 1938; x_wconf 88' lang='grc' dir='ltr'><strong>ι.</strong></span> <span class='ocrx_word' id='word_1_150' title='bbox 797 1869 961 1939; x_wconf 79' lang='lat' dir='ltr'><strong>homines</strong></span> <span class='ocrx_word' id='word_1_151' title='bbox 987 1871 1231 1957; x_wconf 76' lang='lat' dir='ltr'><strong>praeposteri.</strong></span> <span class='ocrx_word' id='word_1_152' title='bbox 1263 1876 1330 1938; x_wconf 93' lang='lat' dir='ltr'><strong>hoc</strong></span> <span class='ocrx_word' id='word_1_153' title='bbox 1362 1875 1487 1939; x_wconf 87' lang='lat' dir='ltr'><strong>ordine</strong></span> <span class='ocrx_word' id='word_1_154' title='bbox 1519 1877 1682 1952; x_wconf 63' lang='grc'><strong>114145.</strong></span> 
     </span>
     <span class='ocr_line' id='line_1_14' title="bbox 262 1978 1682 2074; baseline -0.004 -26"><span class='ocrx_word' id='word_1_155' title='bbox 262 1984 407 2067; x_wconf 85' lang='lat' dir='ltr'><strong>probra</strong></span> <span class='ocrx_word' id='word_1_156' title='bbox 436 1978 674 2074; x_wconf 85' lang='lat' dir='ltr'><strong>objiciuntur.</strong></span> <span class='ocrx_word' id='word_1_157' title='bbox 704 1983 823 2048; x_wconf 75' lang='lat' dir='ltr'><strong>Vata.</strong></span> <span class='ocrx_word' id='word_1_158' title='bbox 843 1979 985 2064; x_wconf 83' lang='lat' dir='ltr'><strong>probra</strong></span> <span class='ocrx_word' id='word_1_159' title='bbox 1015 1988 1094 2043; x_wconf 88' lang='lat' dir='ltr'><strong>sunt</strong></span> <span class='ocrx_word' id='word_1_160' title='bbox 1121 1979 1289 2067; x_wconf 83' lang='lat' dir='ltr'><strong>flagitiosa</strong></span> <span class='ocrx_word' id='word_1_161' title='bbox 1317 1979 1413 2044; x_wconf 77' lang='lat' dir='ltr'><strong>iacta</strong></span> <span class='ocrx_word' id='word_1_162' title='bbox 1442 1981 1521 2064; x_wconf 94' lang='lat' dir='ltr'><strong>Ulp.</strong></span> <span class='ocrx_word' id='word_1_163' title='bbox 1553 1981 1682 2066; x_wconf 82' lang='lat' dir='ltr'><strong>Digest.</strong></span> 
     </span>
     <span class='ocr_line' id='line_1_15' title="bbox 272 2084 1682 2178; baseline -0.004 -25"><span class='ocrx_word' id='word_1_164' title='bbox 272 2092 321 2154; x_wconf 81' lang='lat'><strong>50.</strong></span> <span class='ocrx_word' id='word_1_165' title='bbox 338 2093 385 2158; x_wconf 82' lang='grc'><strong>46.</strong></span> <span class='ocrx_word' id='word_1_166' title='bbox 404 2105 455 2166; x_wconf 89' lang='grc'><strong>44.</strong></span> <span class='ocrx_word' id='word_1_167' title='bbox 465 2084 633 2178; x_wconf 84' lang='lat' dir='ltr'><strong>faciunt.</strong></span> <span class='ocrx_word' id='word_1_168' title='bbox 654 2086 764 2152; x_wconf 90' lang='lat' dir='ltr'><strong>Berol.</strong></span> <span class='ocrx_word' id='word_1_169' title='bbox 779 2090 810 2150; x_wconf 88' lang='grc'><strong>3.</strong></span> <span class='ocrx_word' id='word_1_170' title='bbox 835 2087 919 2152; x_wconf 85' lang='lat' dir='ltr'><strong>Vcn.</strong></span> <span class='ocrx_word' id='word_1_171' title='bbox 936 2109 964 2148; x_wconf 84' lang='grc'><strong>4.</strong></span> <span class='ocrx_word' id='word_1_172' title='bbox 985 2088 1079 2168; x_wconf 90' lang='lat' dir='ltr'><strong>quod</strong></span> <span class='ocrx_word' id='word_1_173' title='bbox 1092 2085 1199 2150; x_wconf 90' lang='lat' dir='ltr'><strong>alicui</strong></span> <span class='ocrx_word' id='word_1_174' title='bbox 1219 2084 1343 2151; x_wconf 83' lang='grc'><strong>1441144</strong></span> <span class='ocrx_word' id='word_1_175' title='bbox 1362 2087 1495 2170; x_wconf 89' lang='lat' dir='ltr'><strong>dictum</strong></span> <span class='ocrx_word' id='word_1_176' title='bbox 1514 2085 1682 2150; x_wconf 87' lang='lat' dir='ltr'><strong>videatur.</strong></span> 
     </span>
     <span class='ocr_line' id='line_1_16' title="bbox 271 2189 1732 2276; baseline -0.001 -18"><span class='ocrx_word' id='word_1_177' title='bbox 271 2190 327 2258; x_wconf 87' lang='lat' dir='ltr'><strong>ita</strong></span> <span class='ocrx_word' id='word_1_178' title='bbox 345 2213 405 2259; x_wconf 88' lang='lat' dir='ltr'><strong>res</strong></span> <span class='ocrx_word' id='word_1_179' title='bbox 424 2193 637 2260; x_wconf 65' lang='lat' dir='ltr'><strong>habeuven.</strong></span> <span class='ocrx_word' id='word_1_180' title='bbox 655 2213 681 2260; x_wconf 86' lang='lat'><strong>1.</strong></span> <span class='ocrx_word' id='word_1_181' title='bbox 702 2191 846 2256; x_wconf 80' lang='lat' dir='ltr'><strong>hubent.</strong></span> <span class='ocrx_word' id='word_1_182' title='bbox 867 2189 1113 2274; x_wconf 64' lang='grc'><strong>11411474441</strong></span> <span class='ocrx_word' id='word_1_183' title='bbox 1132 2194 1253 2256; x_wconf 79' lang='lat' dir='ltr'><strong>lumen</strong></span> <span class='ocrx_word' id='word_1_184' title='bbox 1274 2200 1338 2256; x_wconf 86' lang='lat' dir='ltr'><strong>est.</strong></span> <span class='ocrx_word' id='word_1_185' title='bbox 1361 2191 1478 2276; x_wconf 86' lang='lat' dir='ltr'><strong>quasi.</strong></span> <span class='ocrx_word' id='word_1_186' title='bbox 1499 2211 1566 2256; x_wconf 91' lang='grc' dir='ltr'><strong>οιιι.</strong></span> <span class='ocrx_word' id='word_1_187' title='bbox 1590 2194 1682 2256; x_wconf 89' lang='lat' dir='ltr'><strong>Med.</strong></span> <span class='ocrx_word' id='word_1_188' title='bbox 1729 2225 1732 2232; x_wconf 86' lang='lat'><strong>.</strong></span> 
     </span>
     <span class='ocr_line' id='line_1_17' title="bbox 183 2295 1681 2382; baseline 0.001 -22"><span class='ocrx_word' id='word_1_189' title='bbox 183 2372 188 2380; x_wconf 91' lang='lat'><strong>.</strong></span> <span class='ocrx_word' id='word_1_190' title='bbox 271 2317 299 2376; x_wconf 85' lang='grc'><strong>4.</strong></span> <span class='ocrx_word' id='word_1_191' title='bbox 320 2301 408 2364; x_wconf 87' lang='lat' dir='ltr'><strong>Med</strong></span> <span class='ocrx_word' id='word_1_192' title='bbox 427 2321 453 2362; x_wconf 87' lang='lat'><strong>1.</strong></span> <span class='ocrx_word' id='word_1_193' title='bbox 481 2317 572 2362; x_wconf 86' lang='lat' dir='ltr'><strong>man.</strong></span> <span class='ocrx_word' id='word_1_194' title='bbox 601 2317 666 2366; x_wconf 92' lang='lat' dir='ltr'><strong>sec.</strong></span> <span class='ocrx_word' id='word_1_195' title='bbox 694 2295 882 2382; x_wconf 77' lang='lat' dir='ltr'><strong>adscripsit.</strong></span> <span class='ocrx_word' id='word_1_196' title='bbox 904 2305 958 2360; x_wconf 88' lang='lat' dir='ltr'><strong>est</strong></span> <span class='ocrx_word' id='word_1_197' title='bbox 978 2296 1088 2380; x_wconf 79' lang='lat' dir='ltr'><strong>quasi</strong></span> <span class='ocrx_word' id='word_1_198' title='bbox 1105 2299 1239 2364; x_wconf 81' lang='lat' dir='ltr'><strong>lumen.</strong></span> <span class='ocrx_word' id='word_1_199' title='bbox 1261 2300 1352 2362; x_wconf 87' lang='lat' dir='ltr'><strong>Med.</strong></span> <span class='ocrx_word' id='word_1_200' title='bbox 1366 2303 1396 2363; x_wconf 77' lang='lat'><strong>5.</strong></span> <span class='ocrx_word' id='word_1_201' title='bbox 1424 2305 1478 2362; x_wconf 89' lang='lat' dir='ltr'><strong>cst</strong></span> <span class='ocrx_word' id='word_1_202' title='bbox 1498 2297 1567 2362; x_wconf 87' lang='grc' dir='ltr'><strong>όιιι.</strong></span> <span class='ocrx_word' id='word_1_203' title='bbox 1595 2301 1681 2366; x_wconf 86' lang='lat' dir='ltr'><strong>Ven.</strong></span> 
     </span>
     <span class='ocr_line' id='line_1_18' title="bbox 271 2402 1684 2480; baseline 0.001 -12"><span class='ocrx_word' id='word_1_204' title='bbox 271 2421 302 2480; x_wconf 91' lang='grc'><strong>4.</strong></span> <span class='ocrx_word' id='word_1_205' title='bbox 323 2406 455 2472; x_wconf 78' lang='lat' dir='ltr'><strong>Mina.</strong></span> <span class='ocrx_word' id='word_1_206' title='bbox 476 2404 595 2470; x_wconf 89' lang='lat' dir='ltr'><strong>sedin</strong></span> <span class='ocrx_word' id='word_1_207' title='bbox 617 2402 802 2468; x_wconf 90' lang='lat' dir='ltr'><strong>meliorum</strong></span> <span class='ocrx_word' id='word_1_208' title='bbox 820 2403 992 2466; x_wconf 88' lang='lat' dir='ltr'><strong>librorum</strong></span> <span class='ocrx_word' id='word_1_209' title='bbox 1014 2402 1227 2469; x_wconf 83' lang='lat' dir='ltr'><strong>dissensione</strong></span> <span class='ocrx_word' id='word_1_210' title='bbox 1247 2405 1340 2468; x_wconf 87' lang='lat' dir='ltr'><strong>nihil</strong></span> <span class='ocrx_word' id='word_1_211' title='bbox 1365 2409 1580 2468; x_wconf 88' lang='lat' dir='ltr'><strong>mutandum.</strong></span> <span class='ocrx_word' id='word_1_212' title='bbox 1602 2403 1684 2469; x_wconf 89' lang='lat' dir='ltr'><strong>ino·</strong></span> 
     </span>
     <span class='ocr_line' id='line_1_19' title="bbox 266 2505 1683 2597; baseline 0 -23"><span class='ocrx_word' id='word_1_213' title='bbox 266 2507 369 2594; x_wconf 87' lang='lat' dir='ltr'><strong>piam</strong></span> <span class='ocrx_word' id='word_1_214' title='bbox 381 2505 526 2597; x_wconf 75' lang='lat' dir='ltr'><strong>fateor.</strong></span> <span class='ocrx_word' id='word_1_215' title='bbox 547 2512 624 2579; x_wconf 82' lang='lat' dir='ltr'><strong>Vnt.</strong></span> <span class='ocrx_word' id='word_1_216' title='bbox 636 2528 667 2572; x_wconf 89' lang='lat' dir='ltr'><strong>a.</strong></span> <span class='ocrx_word' id='word_1_217' title='bbox 687 2512 784 2592; x_wconf 89' lang='lat' dir='ltr'><strong>quod</strong></span> <span class='ocrx_word' id='word_1_218' title='bbox 800 2517 840 2572; x_wconf 90' lang='lat' dir='ltr'><strong>ut</strong></span> <span class='ocrx_word' id='word_1_219' title='bbox 859 2509 1054 2594; x_wconf 89' lang='lat' dir='ltr'><strong>abruptius,</strong></span> <span class='ocrx_word' id='word_1_220' title='bbox 1083 2510 1133 2574; x_wconf 85' lang='lat' dir='ltr'><strong>ita</strong></span> <span class='ocrx_word' id='word_1_221' title='bbox 1161 2527 1182 2572; x_wconf 90' lang='lat' dir='ltr'><strong>a</strong></span> <span class='ocrx_word' id='word_1_222' title='bbox 1201 2509 1395 2574; x_wconf 82' lang='lat' dir='ltr'><strong>Salustiana</strong></span> <span class='ocrx_word' id='word_1_223' title='bbox 1411 2511 1567 2576; x_wconf 83' lang='lat' dir='ltr'><strong>oratione</strong></span> <span class='ocrx_word' id='word_1_224' title='bbox 1589 2514 1683 2575; x_wconf 80' lang='lat' dir='ltr'><strong>haud</strong></span> 
     </span>
     <span class='ocr_line' id='line_1_20' title="bbox 271 2611 1684 2710; baseline 0.001 -30"><span class='ocrx_word' id='word_1_225' title='bbox 271 2616 435 2681; x_wconf 88' lang='lat' dir='ltr'><strong>alienum.</strong></span> <span class='ocrx_word' id='word_1_226' title='bbox 456 2637 536 2681; x_wconf 89' lang='lat' dir='ltr'><strong>mea</strong></span> <span class='ocrx_word' id='word_1_227' title='bbox 546 2611 673 2707; x_wconf 87' lang='lat' dir='ltr'><strong>fucta.</strong></span> <span class='ocrx_word' id='word_1_228' title='bbox 685 2616 796 2683; x_wconf 90' lang='lat' dir='ltr'><strong>Berol.</strong></span> <span class='ocrx_word' id='word_1_229' title='bbox 814 2635 842 2680; x_wconf 90' lang='grc'><strong>4.</strong></span> <span class='ocrx_word' id='word_1_230' title='bbox 858 2622 887 2680; x_wconf 92' lang='grc'><strong>3.</strong></span> <span class='ocrx_word' id='word_1_231' title='bbox 899 2631 929 2692; x_wconf 91' lang='grc'><strong>4.</strong></span> <span class='ocrx_word' id='word_1_232' title='bbox 951 2619 1078 2706; x_wconf 81' lang='lat' dir='ltr'><strong>Vena.</strong></span> <span class='ocrx_word' id='word_1_233' title='bbox 1099 2637 1180 2710; x_wconf 87' lang='lat' dir='ltr'><strong>mea</strong></span> <span class='ocrx_word' id='word_1_234' title='bbox 1204 2611 1408 2704; x_wconf 83' lang='lat' dir='ltr'><strong>benefacta.</strong></span> <span class='ocrx_word' id='word_1_235' title='bbox 1428 2617 1520 2681; x_wconf 88' lang='lat' dir='ltr'><strong>Med&#39;.</strong></span> <span class='ocrx_word' id='word_1_236' title='bbox 1533 2619 1562 2680; x_wconf 85' lang='grc'><strong>8.</strong></span> <span class='ocrx_word' id='word_1_237' title='bbox 1575 2637 1619 2680; x_wconf 88' lang='lat' dir='ltr'><strong>m.</strong></span> <span class='ocrx_word' id='word_1_238' title='bbox 1629 2637 1684 2702; x_wconf 94' lang='lat' dir='ltr'><strong>pr.</strong></span> 
     </span>
     <span class='ocr_line' id='line_1_21' title="bbox 271 2718 1683 2812; baseline 0.001 -28"><span class='ocrx_word' id='word_1_239' title='bbox 271 2718 363 2785; x_wconf 80' lang='lat' dir='ltr'><strong>milri</strong></span> <span class='ocrx_word' id='word_1_240' title='bbox 381 2743 461 2787; x_wconf 87' lang='lat' dir='ltr'><strong>mea</strong></span> <span class='ocrx_word' id='word_1_241' title='bbox 481 2718 684 2812; x_wconf 69' lang='lat' dir='ltr'><strong>benefacta.</strong></span> <span class='ocrx_word' id='word_1_242' title='bbox 705 2725 791 2792; x_wconf 85' lang='lat' dir='ltr'><strong>Ven.</strong></span> <span class='ocrx_word' id='word_1_243' title='bbox 803 2727 833 2786; x_wconf 92' lang='grc'><strong>3.</strong></span> <span class='ocrx_word' id='word_1_244' title='bbox 853 2730 983 2786; x_wconf 85' lang='lat' dir='ltr'><strong>memet</strong></span> <span class='ocrx_word' id='word_1_245' title='bbox 1002 2720 1184 2809; x_wconf 65' lang='lat' dir='ltr'><strong>benficia.</strong></span> <span class='ocrx_word' id='word_1_246' title='bbox 1203 2725 1278 2787; x_wconf 84' lang='lat' dir='ltr'><strong>Vnt.</strong></span> <span class='ocrx_word' id='word_1_247' title='bbox 1289 2725 1317 2784; x_wconf 92' lang='grc'><strong>3.</strong></span> <span class='ocrx_word' id='word_1_248' title='bbox 1339 2742 1384 2785; x_wconf 83' lang='lat' dir='ltr'><strong>nr.</strong></span> <span class='ocrx_word' id='word_1_249' title='bbox 1403 2744 1454 2806; x_wconf 91' lang='lat' dir='ltr'><strong>pr.</strong></span> <span class='ocrx_word' id='word_1_250' title='bbox 1470 2719 1562 2784; x_wconf 77' lang='lat' dir='ltr'><strong>mini</strong></span> <span class='ocrx_word' id='word_1_251' title='bbox 1579 2724 1683 2786; x_wconf 88' lang='lat' dir='ltr'><strong>omis·</strong></span> 
     </span>
     <span class='ocr_line' id='line_1_22' title="bbox 265 2821 1681 2913; baseline 0.001 -25"><span class='ocrx_word' id='word_1_252' title='bbox 265 2825 320 2888; x_wconf 86' lang='lat' dir='ltr'><strong>so.</strong></span> <span class='ocrx_word' id='word_1_253' title='bbox 339 2829 400 2890; x_wconf 89' lang='lat' dir='ltr'><strong>sed</strong></span> <span class='ocrx_word' id='word_1_254' title='bbox 418 2828 626 2911; x_wconf 85' lang='lat' dir='ltr'><strong>pronomine</strong></span> <span class='ocrx_word' id='word_1_255' title='bbox 646 2827 779 2905; x_wconf 89' lang='lat' dir='ltr'><strong>adjecto</strong></span> <span class='ocrx_word' id='word_1_256' title='bbox 797 2828 850 2890; x_wconf 91' lang='lat' dir='ltr'><strong>vis</strong></span> <span class='ocrx_word' id='word_1_257' title='bbox 870 2827 1048 2891; x_wconf 67' lang='lat' dir='ltr'><strong>sententiis</strong></span> <span class='ocrx_word' id='word_1_258' title='bbox 1069 2835 1220 2910; x_wconf 82' lang='lat' dir='ltr'><strong>augetur.</strong></span> <span class='ocrx_word' id='word_1_259' title='bbox 1232 2821 1458 2913; x_wconf 82' lang='lat' dir='ltr'><strong>facundiam</strong></span> <span class='ocrx_word' id='word_1_260' title='bbox 1471 2828 1635 2894; x_wconf 82' lang='lat' dir='ltr'><strong>et.Berol.</strong></span> <span class='ocrx_word' id='word_1_261' title='bbox 1652 2833 1681 2892; x_wconf 93' lang='grc'><strong>3.</strong></span> 
     </span>
     <span class='ocr_line' id='line_1_23' title="bbox 272 2929 1683 3015; baseline 0.001 -21"><span class='ocrx_word' id='word_1_262' title='bbox 272 2945 303 3005; x_wconf 91' lang='grc'><strong>4.</strong></span> <span class='ocrx_word' id='word_1_263' title='bbox 326 2939 359 2994; x_wconf 86' lang='grc'><strong>41</strong></span> <span class='ocrx_word' id='word_1_264' title='bbox 381 2950 421 2994; x_wconf 81' lang='lat' dir='ltr'><strong>er</strong></span> <span class='ocrx_word' id='word_1_265' title='bbox 442 2931 530 2994; x_wconf 87' lang='lat' dir='ltr'><strong>Itali.</strong></span> <span class='ocrx_word' id='word_1_266' title='bbox 553 2933 643 2995; x_wconf 87' lang='lat' dir='ltr'><strong>Med.</strong></span> <span class='ocrx_word' id='word_1_267' title='bbox 662 2948 691 3007; x_wconf 91' lang='grc'><strong>4.</strong></span> <span class='ocrx_word' id='word_1_268' title='bbox 712 2934 797 2996; x_wconf 90' lang='lat' dir='ltr'><strong>Ven.</strong></span> <span class='ocrx_word' id='word_1_269' title='bbox 815 2935 844 2992; x_wconf 93' lang='grc'><strong>3.</strong></span> <span class='ocrx_word' id='word_1_270' title='bbox 865 2933 940 2995; x_wconf 89' lang='lat' dir='ltr'><strong>Vat.</strong></span> <span class='ocrx_word' id='word_1_271' title='bbox 958 2945 988 3004; x_wconf 90' lang='grc'><strong>4.</strong></span> <span class='ocrx_word' id='word_1_272' title='bbox 1010 2930 1097 2992; x_wconf 88' lang='lat' dir='ltr'><strong>Min.</strong></span> <span class='ocrx_word' id='word_1_273' title='bbox 1113 2946 1143 2990; x_wconf 93' lang='grc'><strong>4.</strong></span> <span class='ocrx_word' id='word_1_274' title='bbox 1163 2931 1259 3010; x_wconf 85' lang='lat' dir='ltr'><strong>quod</strong></span> <span class='ocrx_word' id='word_1_275' title='bbox 1280 2929 1422 2994; x_wconf 83' lang='lat' dir='ltr'><strong>delendi</strong></span> <span class='ocrx_word' id='word_1_276' title='bbox 1439 2940 1569 3015; x_wconf 88' lang='lat' dir='ltr'><strong>potest,</strong></span> <span class='ocrx_word' id='word_1_277' title='bbox 1591 2929 1683 3013; x_wconf 73' lang='lat' dir='ltr'><strong>&#39;qiua</strong></span> 
     </span>
     <span class='ocr_line' id='line_1_24' title="bbox 272 3032 1683 3121; baseline 0.001 -23"><span class='ocrx_word' id='word_1_278' title='bbox 272 3036 438 3102; x_wconf 87' lang='lat' dir='ltr'><strong>Salustius</strong></span> <span class='ocrx_word' id='word_1_279' title='bbox 466 3036 589 3121; x_wconf 77' lang='lat' dir='ltr'><strong>saepius</strong></span> <span class='ocrx_word' id='word_1_280' title='bbox 615 3035 787 3100; x_wconf 83' lang='lat' dir='ltr'><strong>adverbiis</strong></span> <span class='ocrx_word' id='word_1_281' title='bbox 818 3035 929 3098; x_wconf 89' lang='lat' dir='ltr'><strong>utitur</strong></span> <span class='ocrx_word' id='word_1_282' title='bbox 947 3055 1025 3098; x_wconf 90' lang='lat' dir='ltr'><strong>cum</strong></span> <span class='ocrx_word' id='word_1_283' title='bbox 1046 3032 1221 3097; x_wconf 80' lang='lat' dir='ltr'><strong>infinitivo</strong></span> <span class='ocrx_word' id='word_1_284' title='bbox 1241 3033 1339 3096; x_wconf 89' lang='lat' dir='ltr'><strong>verbi</strong></span> <span class='ocrx_word' id='word_1_285' title='bbox 1360 3034 1563 3099; x_wconf 82' lang='lat' dir='ltr'><strong>substantivi</strong></span> <span class='ocrx_word' id='word_1_286' title='bbox 1579 3036 1683 3114; x_wconf 87' lang='lat' dir='ltr'><strong>junc-</strong></span> 
     </span>
     <span class='ocr_line' id='line_1_25' title="bbox 273 3138 1680 3224; baseline 0.001 -20"><span class='ocrx_word' id='word_1_287' title='bbox 273 3141 334 3220; x_wconf 78' lang='lat' dir='ltr'><strong>tis3</strong></span> <span class='ocrx_word' id='word_1_288' title='bbox 354 3145 414 3206; x_wconf 87' lang='lat' dir='ltr'><strong>sed</strong></span> <span class='ocrx_word' id='word_1_289' title='bbox 435 3141 643 3206; x_wconf 89' lang='lat' dir='ltr'><strong>constructio</strong></span> <span class='ocrx_word' id='word_1_290' title='bbox 665 3141 801 3224; x_wconf 89' lang='lat' dir='ltr'><strong>durior,</strong></span> <span class='ocrx_word' id='word_1_291' title='bbox 822 3159 926 3222; x_wconf 89' lang='lat' dir='ltr'><strong>quam</strong></span> <span class='ocrx_word' id='word_1_292' title='bbox 949 3159 1026 3221; x_wconf 77' lang='lat' dir='ltr'><strong>quae</strong></span> <span class='ocrx_word' id='word_1_293' title='bbox 1046 3157 1235 3222; x_wconf 86' lang='lat' dir='ltr'><strong>paucorum</strong></span> <span class='ocrx_word' id='word_1_294' title='bbox 1255 3138 1425 3202; x_wconf 90' lang='lat' dir='ltr'><strong>librorum</strong></span> <span class='ocrx_word' id='word_1_295' title='bbox 1446 3139 1514 3204; x_wconf 88' lang='lat' dir='ltr'><strong>fide</strong></span> <span class='ocrx_word' id='word_1_296' title='bbox 1532 3141 1680 3206; x_wconf 87' lang='lat' dir='ltr'><strong>Salustio</strong></span> 
     </span>
     <span class='ocr_line' id='line_1_26' title="bbox 217 3239 1683 3326; baseline 0 -14"><span class='ocrx_word' id='word_1_297' title='bbox 217 3239 221 3248; x_wconf 80' lang='lat'>&#39;</span> <span class='ocrx_word' id='word_1_298' title='bbox 273 3250 490 3312; x_wconf 90' lang='lat' dir='ltr'><strong>obtrudenda</strong></span> <span class='ocrx_word' id='word_1_299' title='bbox 509 3247 562 3311; x_wconf 89' lang='lat' dir='ltr'><strong>sit.</strong></span> <span class='ocrx_word' id='word_1_300' title='bbox 585 3249 624 3311; x_wconf 85' lang='lat' dir='ltr'><strong>in</strong></span> <span class='ocrx_word' id='word_1_301' title='bbox 644 3241 906 3313; x_wconf 84' lang='lat' dir='ltr'><strong>conscientiam</strong></span> <span class='ocrx_word' id='word_1_302' title='bbox 928 3245 1084 3307; x_wconf 84' lang='lat' dir='ltr'><strong>duceret.</strong></span> <span class='ocrx_word' id='word_1_303' title='bbox 1114 3243 1272 3307; x_wconf 81' lang='lat' dir='ltr'><strong>usitatius</strong></span> <span class='ocrx_word' id='word_1_304' title='bbox 1298 3253 1347 3308; x_wconf 88' lang='lat' dir='ltr'><strong>est</strong></span> <span class='ocrx_word' id='word_1_305' title='bbox 1366 3265 1444 3308; x_wconf 84' lang='lat' dir='ltr'><strong>cum</strong></span> <span class='ocrx_word' id='word_1_306' title='bbox 1466 3247 1583 3312; x_wconf 88' lang='lat' dir='ltr'><strong>dativo</strong></span> <span class='ocrx_word' id='word_1_307' title='bbox 1599 3247 1683 3326; x_wconf 90' lang='lat' dir='ltr'><strong>jun·</strong></span> 
     </span>
     <span class='ocr_line' id='line_1_27' title="bbox 272 3347 1683 3442; baseline -0.001 -24"><span class='ocrx_word' id='word_1_308' title='bbox 272 3375 363 3442; x_wconf 83' lang='lat' dir='ltr'><strong>gere,</strong></span> <span class='ocrx_word' id='word_1_309' title='bbox 383 3375 415 3418; x_wconf 88' lang='grc'><strong>4.</strong></span> <span class='ocrx_word' id='word_1_310' title='bbox 436 3375 464 3417; x_wconf 93' lang='lat' dir='ltr'><strong>c.</strong></span> <span class='ocrx_word' id='word_1_311' title='bbox 473 3351 578 3418; x_wconf 85' lang='lat' dir='ltr'><strong>laudi</strong></span> <span class='ocrx_word' id='word_1_312' title='bbox 590 3349 750 3417; x_wconf 82' lang='lat' dir='ltr'><strong>ducitur.</strong></span> <span class='ocrx_word' id='word_1_313' title='bbox 761 3355 822 3430; x_wconf 85' lang='lat' dir='ltr'><strong>sed</strong></span> <span class='ocrx_word' id='word_1_314' title='bbox 832 3351 892 3418; x_wconf 88' lang='grc'><strong>414.</strong></span> <span class='ocrx_word' id='word_1_315' title='bbox 904 3369 1007 3436; x_wconf 89' lang='lat' dir='ltr'><strong>supra</strong></span> <span class='ocrx_word' id='word_1_316' title='bbox 1026 3351 1077 3412; x_wconf 86' lang='grc'><strong>84.</strong></span> <span class='ocrx_word' id='word_1_317' title='bbox 1091 3348 1130 3414; x_wconf 84' lang='lat' dir='ltr'><strong>in</strong></span> <span class='ocrx_word' id='word_1_318' title='bbox 1143 3347 1350 3434; x_wconf 84' lang='lat' dir='ltr'><strong>superbiam</strong></span> <span class='ocrx_word' id='word_1_319' title='bbox 1363 3350 1569 3417; x_wconf 79' lang='lat' dir='ltr'><strong>vertebant.</strong></span> <span class='ocrx_word' id='word_1_320' title='bbox 1590 3352 1683 3418; x_wconf 81' lang='grc'><strong>14144</strong></span> 
     </span>
     <span class='ocr_line' id='line_1_28' title="bbox 274 3453 1683 3548; baseline -0.001 -24"><span class='ocrx_word' id='word_1_321' title='bbox 274 3482 333 3548; x_wconf 41' lang='grc'><strong>94..</strong></span> <span class='ocrx_word' id='word_1_322' title='bbox 346 3457 471 3526; x_wconf 89' lang='lat' dir='ltr'><strong>omnia</strong></span> <span class='ocrx_word' id='word_1_323' title='bbox 491 3477 568 3524; x_wconf 84' lang='lat' dir='ltr'><strong>non</strong></span> <span class='ocrx_word' id='word_1_324' title='bbox 590 3458 676 3524; x_wconf 84' lang='lat' dir='ltr'><strong>bene</strong></span> <span class='ocrx_word' id='word_1_325' title='bbox 695 3458 867 3525; x_wconf 82' lang='lat' dir='ltr'><strong>consulta</strong></span> <span class='ocrx_word' id='word_1_326' title='bbox 887 3454 928 3520; x_wconf 85' lang='lat' dir='ltr'><strong>in</strong></span> <span class='ocrx_word' id='word_1_327' title='bbox 948 3453 1117 3521; x_wconf 81' lang='lat' dir='ltr'><strong>virtutem</strong></span> <span class='ocrx_word' id='word_1_328' title='bbox 1139 3457 1391 3524; x_wconf 80' lang='lat' dir='ltr'><strong>trahebantur.</strong></span> <span class='ocrx_word' id='word_1_329' title='bbox 1418 3456 1520 3522; x_wconf 84' lang='grc'><strong>144114</strong></span> <span class='ocrx_word' id='word_1_330' title='bbox 1541 3467 1622 3542; x_wconf 82' lang='grc'><strong>4441,</strong></span> <span class='ocrx_word' id='word_1_331' title='bbox 1643 3458 1683 3524; x_wconf 82' lang='lat' dir='ltr'><strong>in</strong></span> 
     </span>
     <span class='ocr_line' id='line_1_29' title="bbox 275 3561 1682 3656; baseline -0.004 -24"><span class='ocrx_word' id='word_1_332' title='bbox 275 3561 502 3634; x_wconf 84' lang='lat' dir='ltr'><strong>conscientia</strong></span> <span class='ocrx_word' id='word_1_333' title='bbox 531 3563 719 3656; x_wconf 82' lang='lat' dir='ltr'><strong>corrigere,</strong></span> <span class='ocrx_word' id='word_1_334' title='bbox 746 3563 784 3626; x_wconf 95' lang='lat' dir='ltr'><strong>id</strong></span> <span class='ocrx_word' id='word_1_335' title='bbox 809 3567 905 3644; x_wconf 91' lang='lat' dir='ltr'><strong>quod</strong></span> <span class='ocrx_word' id='word_1_336' title='bbox 923 3571 973 3629; x_wconf 88' lang='lat' dir='ltr'><strong>est</strong></span> <span class='ocrx_word' id='word_1_337' title='bbox 994 3561 1034 3626; x_wconf 92' lang='lat' dir='ltr'><strong>in</strong></span> <span class='ocrx_word' id='word_1_338' title='bbox 1050 3565 1228 3630; x_wconf 86' lang='lat' dir='ltr'><strong>nonnullis</strong></span> <span class='ocrx_word' id='word_1_339' title='bbox 1249 3567 1356 3652; x_wconf 89' lang='lat' dir='ltr'><strong>Godd.</strong></span> <span class='ocrx_word' id='word_1_340' title='bbox 1384 3563 1445 3627; x_wconf 88' lang='grc'><strong>414.</strong></span> <span class='ocrx_word' id='word_1_341' title='bbox 1468 3564 1557 3628; x_wconf 91' lang='lat' dir='ltr'><strong>Plin.</strong></span> <span class='ocrx_word' id='word_1_342' title='bbox 1579 3561 1622 3628; x_wconf 90' lang='lat' dir='ltr'><strong>H.</strong></span> <span class='ocrx_word' id='word_1_343' title='bbox 1642 3569 1682 3627; x_wconf 91' lang='lat' dir='ltr'><strong>N.</strong></span> 
     </span>
     <span class='ocr_line' id='line_1_30' title="bbox 275 3662 1684 3756; baseline -0.001 -21"><span class='ocrx_word' id='word_1_344' title='bbox 275 3677 325 3736; x_wconf 81' lang='grc'><strong>34.</strong></span> <span class='ocrx_word' id='word_1_345' title='bbox 342 3675 371 3735; x_wconf 87' lang='lat'><strong>6.</strong></span> <span class='ocrx_word' id='word_1_346' title='bbox 388 3669 557 3754; x_wconf 82' lang='lat' dir='ltr'><strong>plerique</strong></span> <span class='ocrx_word' id='word_1_347' title='bbox 575 3665 614 3733; x_wconf 89' lang='lat' dir='ltr'><strong>in</strong></span> <span class='ocrx_word' id='word_1_348' title='bbox 638 3662 764 3756; x_wconf 79' lang='lat' dir='ltr'><strong>gloria</strong></span> <span class='ocrx_word' id='word_1_349' title='bbox 785 3669 934 3732; x_wconf 86' lang='lat' dir='ltr'><strong>ducunt.</strong></span> <span class='ocrx_word' id='word_1_350' title='bbox 962 3671 1021 3733; x_wconf 89' lang='lat' dir='ltr'><strong>sed</strong></span> <span class='ocrx_word' id='word_1_351' title='bbox 1044 3678 1159 3734; x_wconf 88' lang='lat' dir='ltr'><strong>tuctur</strong></span> <span class='ocrx_word' id='word_1_352' title='bbox 1179 3665 1407 3734; x_wconf 80' lang='lat' dir='ltr'><strong>accusativum</strong></span> <span class='ocrx_word' id='word_1_353' title='bbox 1427 3670 1595 3752; x_wconf 85' lang='lat' dir='ltr'><strong>analogia.</strong></span> <span class='ocrx_word' id='word_1_354' title='bbox 1630 3671 1684 3734; x_wconf 89' lang='lat' dir='ltr'><strong>vi·</strong></span> 
     </span>
     <span class='ocr_line' id='line_1_31' title="bbox 276 3773 1684 3859; baseline -0.001 -19"><span class='ocrx_word' id='word_1_355' title='bbox 276 3779 319 3840; x_wconf 88' lang='lat' dir='ltr'><strong>de</strong></span> <span class='ocrx_word' id='word_1_356' title='bbox 333 3777 416 3848; x_wconf 64' lang='lat' dir='ltr'><strong>,loca</strong></span> <span class='ocrx_word' id='word_1_357' title='bbox 435 3796 537 3859; x_wconf 90' lang='lat' dir='ltr'><strong>supra</strong></span> <span class='ocrx_word' id='word_1_358' title='bbox 558 3776 708 3857; x_wconf 85' lang='lat' dir='ltr'><strong>laudata,</strong></span> <span class='ocrx_word' id='word_1_359' title='bbox 745 3785 778 3838; x_wconf 89' lang='lat' dir='ltr'><strong>et</strong></span> <span class='ocrx_word' id='word_1_360' title='bbox 800 3774 915 3839; x_wconf 86' lang='lat' dir='ltr'><strong>nescio</strong></span> <span class='ocrx_word' id='word_1_361' title='bbox 936 3775 1022 3856; x_wconf 91' lang='lat' dir='ltr'><strong>quid</strong></span> <span class='ocrx_word' id='word_1_362' title='bbox 1042 3775 1229 3839; x_wconf 77' lang='lat' dir='ltr'><strong>salustiani</strong></span> <span class='ocrx_word' id='word_1_363' title='bbox 1248 3776 1373 3838; x_wconf 87' lang='lat' dir='ltr'><strong>coloris</strong></span> <span class='ocrx_word' id='word_1_364' title='bbox 1394 3773 1483 3837; x_wconf 90' lang='lat' dir='ltr'><strong>mihi</strong></span> <span class='ocrx_word' id='word_1_365' title='bbox 1504 3773 1684 3840; x_wconf 81' lang='grc'><strong>14414444-</strong></span> 
     </span>
     <span class='ocr_line' id='line_1_32' title="bbox 275 3878 1683 3964; baseline -0.001 -20"><span class='ocrx_word' id='word_1_366' title='bbox 275 3883 400 3945; x_wconf 88' lang='lat' dir='ltr'><strong>borum</strong></span> <span class='ocrx_word' id='word_1_367' title='bbox 414 3881 585 3960; x_wconf 76' lang='lat' dir='ltr'><strong>junctura</strong></span> <span class='ocrx_word' id='word_1_368' title='bbox 606 3881 717 3946; x_wconf 87' lang='lat' dir='ltr'><strong>inesse</strong></span> <span class='ocrx_word' id='word_1_369' title='bbox 736 3880 885 3958; x_wconf 67' lang='lat' dir='ltr'><strong>videtum</strong></span> <span class='ocrx_word' id='word_1_370' title='bbox 907 3889 1059 3945; x_wconf 90' lang='lat' dir='ltr'><strong>ceterum</strong></span> <span class='ocrx_word' id='word_1_371' title='bbox 1080 3881 1290 3944; x_wconf 85' lang='lat' dir='ltr'><strong>conscicntia</strong></span> <span class='ocrx_word' id='word_1_372' title='bbox 1310 3893 1373 3964; x_wconf 88' lang='lat' dir='ltr'><strong>pro</strong></span> <span class='ocrx_word' id='word_1_373' title='bbox 1395 3878 1487 3942; x_wconf 85' lang='lat' dir='ltr'><strong>mala</strong></span> <span class='ocrx_word' id='word_1_374' title='bbox 1507 3880 1683 3946; x_wconf 87' lang='lat' dir='ltr'><strong>conscien-</strong></span> 
     </span>
     <span class='ocr_line' id='line_1_33' title="bbox 247 3980 1682 4072; baseline -0.005 -18"><span class='ocrx_word' id='word_1_375' title='bbox 247 4041 253 4054; x_wconf 92' lang='lat'><strong>.</strong></span> <span class='ocrx_word' id='word_1_376' title='bbox 277 3987 335 4071; x_wconf 88' lang='lat' dir='ltr'><strong>tia,</strong></span> <span class='ocrx_word' id='word_1_377' title='bbox 355 3995 394 4050; x_wconf 91' lang='lat' dir='ltr'><strong>ut</strong></span> <span class='ocrx_word' id='word_1_378' title='bbox 414 3987 537 4072; x_wconf 73' lang='lat' dir='ltr'><strong>saepius</strong></span> <span class='ocrx_word' id='word_1_379' title='bbox 557 3990 650 4071; x_wconf 88' lang='lat' dir='ltr'><strong>apud</strong></span> <span class='ocrx_word' id='word_1_380' title='bbox 665 3984 861 4050; x_wconf 82' lang='lat' dir='ltr'><strong>salustium.</strong></span> <span class='ocrx_word' id='word_1_381' title='bbox 892 4005 937 4048; x_wconf 78' lang='lat' dir='ltr'><strong>er</strong></span> <span class='ocrx_word' id='word_1_382' title='bbox 957 3983 1075 4060; x_wconf 76' lang='lat' dir='ltr'><strong>animi</strong></span> <span class='ocrx_word' id='word_1_383' title='bbox 1092 3980 1285 4048; x_wconf 84' lang='lat' dir='ltr'><strong>sententia.</strong></span> <span class='ocrx_word' id='word_1_384' title='bbox 1307 3985 1397 4050; x_wconf 92' lang='lat' dir='ltr'><strong>Med.</strong></span> <span class='ocrx_word' id='word_1_385' title='bbox 1417 3999 1447 4061; x_wconf 92' lang='grc'><strong>4.</strong></span> <span class='ocrx_word' id='word_1_386' title='bbox 1466 4005 1496 4067; x_wconf 88' lang='lat'><strong>7.</strong></span> <span class='ocrx_word' id='word_1_387' title='bbox 1514 3987 1599 4053; x_wconf 88' lang='lat' dir='ltr'><strong>Ven.</strong></span> <span class='ocrx_word' id='word_1_388' title='bbox 1615 3991 1682 4048; x_wconf 71' lang='lat' dir='ltr'><strong>aa.</strong></span> 
     </span>
     <span class='ocr_line' id='line_1_34' title="bbox 276 4071 1765 4176; baseline -0.003 -19"><span class='ocrx_word' id='word_1_389' title='bbox 276 4095 388 4158; x_wconf 78' lang='grc'><strong>11413.</strong></span> <span class='ocrx_word' id='word_1_390' title='bbox 402 4108 432 4170; x_wconf 92' lang='grc'><strong>4.</strong></span> <span class='ocrx_word' id='word_1_391' title='bbox 451 4096 480 4156; x_wconf 80' lang='lat' dir='ltr'><strong>t.</strong></span> <span class='ocrx_word' id='word_1_392' title='bbox 500 4114 546 4156; x_wconf 76' lang='lat' dir='ltr'><strong>esc</strong></span> <span class='ocrx_word' id='word_1_393' title='bbox 565 4092 748 4157; x_wconf 85' lang='lat' dir='ltr'><strong>sententia</strong></span> <span class='ocrx_word' id='word_1_394' title='bbox 768 4085 894 4155; x_wconf 87' lang='lat' dir='ltr'><strong>animi.</strong></span> <span class='ocrx_word' id='word_1_395' title='bbox 915 4089 1024 4154; x_wconf 88' lang='grc' dir='ltr'><strong>Β44ο1.</strong></span> <span class='ocrx_word' id='word_1_396' title='bbox 1039 4105 1068 4165; x_wconf 93' lang='grc'><strong>4.</strong></span> <span class='ocrx_word' id='word_1_397' title='bbox 1092 4093 1152 4155; x_wconf 87' lang='lat' dir='ltr'><strong>sed</strong></span> <span class='ocrx_word' id='word_1_398' title='bbox 1172 4089 1276 4155; x_wconf 87' lang='lat' dir='ltr'><strong>ceteri</strong></span> <span class='ocrx_word' id='word_1_399' title='bbox 1296 4090 1478 4173; x_wconf 88' lang='lat' dir='ltr'><strong>scriptores</strong></span> <span class='ocrx_word' id='word_1_400' title='bbox 1489 4109 1680 4176; x_wconf 89' lang='lat' dir='ltr'><strong>pronomen</strong></span> <span class='ocrx_word' id='word_1_401' title='bbox 1748 4071 1765 4086; x_wconf 69' lang='grc'><strong><em>’</em></strong></span> 
     </span>
     <span class='ocr_line' id='line_1_35' title="bbox 277 4195 1686 4281; baseline 0 -19"><span class='ocrx_word' id='word_1_402' title='bbox 277 4219 455 4281; x_wconf 85' lang='lat' dir='ltr'><strong>nunquam</strong></span> <span class='ocrx_word' id='word_1_403' title='bbox 475 4197 649 4262; x_wconf 88' lang='lat' dir='ltr'><strong>omittunt.</strong></span> <span class='ocrx_word' id='word_1_404' title='bbox 666 4198 747 4263; x_wconf 88' lang='lat' dir='ltr'><strong>vide</strong></span> <span class='ocrx_word' id='word_1_405' title='bbox 765 4197 842 4260; x_wconf 84' lang='lat' dir='ltr'><strong>loca</strong></span> <span class='ocrx_word' id='word_1_406' title='bbox 862 4195 1071 4260; x_wconf 82' lang='lat' dir='ltr'><strong>innumeras</strong></span> <span class='ocrx_word' id='word_1_407' title='bbox 1085 4196 1279 4261; x_wconf 88' lang='lat' dir='ltr'><strong>Forcellino</strong></span> <span class='ocrx_word' id='word_1_408' title='bbox 1299 4198 1446 4278; x_wconf 86' lang='lat' dir='ltr'><strong>laudata.</strong></span> <span class='ocrx_word' id='word_1_409' title='bbox 1467 4195 1686 4262; x_wconf 76' lang='grc'><strong>414444144-</strong></span> 
     </span>
    </p>
   </div>
   <div class='ocr_carea' id='block_1_4' title="bbox 278 4301 1687 4390">
    <p class='ocr_par' dir='ltr' id='par_1_4' title="bbox 278 4301 1687 4390">
     <span class='ocr_line' id='line_1_36' title="bbox 278 4301 1687 4390; baseline 0.003 -22"><span class='ocrx_word' id='word_1_410' title='bbox 278 4305 372 4370; x_wconf 86' lang='lat' dir='ltr'><strong>mula</strong></span> <span class='ocrx_word' id='word_1_411' title='bbox 394 4303 439 4372; x_wconf 85' lang='lat' dir='ltr'><strong>sit</strong></span> <span class='ocrx_word' id='word_1_412' title='bbox 453 4301 648 4385; x_wconf 83' lang='lat' dir='ltr'><strong>jurantium</strong></span> <span class='ocrx_word' id='word_1_413' title='bbox 667 4302 724 4376; x_wconf 86' lang='lat' dir='ltr'><strong>vel</strong></span> <span class='ocrx_word' id='word_1_414' title='bbox 746 4301 845 4374; x_wconf 87' lang='lat' dir='ltr'><strong>firme</strong></span> <span class='ocrx_word' id='word_1_415' title='bbox 873 4301 1010 4389; x_wconf 88' lang='lat' dir='ltr'><strong>aliquid</strong></span> <span class='ocrx_word' id='word_1_416' title='bbox 1033 4303 1321 4389; x_wconf 79' lang='lat' dir='ltr'><strong>adseverantium,</strong></span> <span class='ocrx_word' id='word_1_417' title='bbox 1351 4301 1451 4370; x_wconf 83' lang='lat' dir='ltr'><strong>facile</strong></span> <span class='ocrx_word' id='word_1_418' title='bbox 1480 4303 1687 4390; x_wconf 84' lang='lat' dir='ltr'><strong>credideris,</strong></span> 
     </span>
    </p>
   </div>
   <div class='ocr_carea' id='block_1_5' title="bbox 0 0 2070 4976">
    <p class='ocr_par' dir='ltr' id='par_1_5' title="bbox 0 0 2070 4976">
     <span class='ocr_line' id='line_1_37' title="bbox 0 0 2070 4976; baseline 0 0"><span class='ocrx_word' id='word_1_419' title='bbox 0 0 2070 4976; x_wconf 95' lang='lat' dir='ltr'><strong> </strong></span> 
     </span>
    </p>
   </div>
  </div>
 </body>
</html>
