4108 4976
1594 391 1668 492 275
1711 409 1713 413 ’

266 599 335 664 que
361 581 517 647 conscius
536 580 742 648 delictorum
768 579 861 646 fama
879 579 1067 667 ferebatur,
1097 580 1147 646 ita
1166 581 1204 646 in
1225 599 1305 648 cum
1324 582 1667 656 animadvertebatur.

266 707 312 751 ex
336 687 481 752 secund.
514 687 586 751 reb.
615 683 825 770 insolentia.
851 706 906 753 en.
929 686 995 756 eir.
1024 689 1095 750 Cat.
1108 708 1136 752 c.
1159 705 1207 756 ss.
1229 685 1439 755 insolentia.
1458 692 1669 778 arrogantia,

264 781 444 878 superbia,
464 792 688 857 contumacia.

345 900 426 982 Cap.
446 899 530 960 XLI.
550 917 628 964 mos
643 893 821 980 partium.
848 898 923 963 baec
947 899 1095 964 Grutero
1123 905 1157 963 et
1178 897 1298 963 Gortio
1316 907 1471 983 suspecta
1495 900 1578 966 visa.
1597 915 1669 968 scr-

264 1002 379 1067 monis
392 1002 486 1068 enim
500 1001 756 1087 simplicitatem
773 1009 808 1067 et
828 1002 1073 1088 proprietatem
1092 1023 1164 1068 non
1175 1011 1348 1086 ceperunt.
1364 1001 1533 1087 partium
1553 1008 1597 1070 ad
1606 1026 1671 1090 po·

263 1107 387 1191 pulum
406 1115 568 1191 spectare,
582 1106 655 1186 jam
675 1126 778 1191 supra
797 1108 934 1193 monui,
954 1107 1110 1190 quamvis
1129 1127 1202 1173 non
1220 1109 1428 1194 negaverim,
1448 1115 1567 1176 eadem
1586 1131 1671 1178 voce

248 1199 254 1220 ’
265 1213 304 1275 in
315 1212 513 1277 universum
523 1211 754 1278 dissensiones
773 1211 892 1277 civiles
911 1222 946 1278 et
965 1213 1099 1277 diversa
1118 1211 1317 1298 principum
1337 1215 1451 1279 studia
1463 1215 1502 1279 in
1516 1217 1670 1299 republi-

265 1337 305 1381 ca
325 1317 521 1404 significari.
542 1321 603 1384 sed
627 1319 695 1382 hoc
720 1326 810 1384 certe
830 1320 908 1383 loco
928 1326 963 1382 et
981 1337 1085 1404 supra
1103 1318 1212 1384 solitis
1230 1318 1353 1404 populi
1369 1327 1499 1403 partes
1519 1320 1614 1405 dicit,
1634 1329 1668 1383 et

254 1416 467 1511 factionem
488 1425 533 1486 ad
552 1431 707 1488 senatum
727 1422 840 1488 refert.
855 1419 989 1508 paucis
1007 1433 1096 1489 onte
1114 1420 1224 1489 annis
1243 1433 1306 1488 etc.
1327 1445 1372 1489 ne
1384 1425 1463 1508 quis
1475 1425 1514 1494 in
1529 1427 1596 1489 hoc
1608 1425 1670 1488 Sa·

264 1526 362 1591 lustii
378 1527 514 1606 judicio
542 1523 710 1613 offendat,
739 1529 801 1610 qui
821 1545 930 1611 usque
949 1528 1150 1593 adfinitum
1170 1529 1309 1592 tertium
1340 1531 1474 1594 bellum
1502 1530 1671 1594 Punicum

264 1633 514 1715 rempublicam
534 1633 687 1715 quietam
706 1613 967 1736 fuisse‘dixerit,
987 1655 1065 1698 cum
1085 1633 1149 1698 alii
1163 1632 1237 1712 jam
1257 1634 1341 1700 inde
1361 1655 1382 1699 a
1401 1635 1496 1700 bello
1512 1637 1674 1701 Macedo-

265 1735 344 1800 nico
371 1737 545 1802 luxuriam
565 1747 668 1821 atque
694 1740 804 1804 malos
822 1758 936 1803 mores
955 1741 1104 1802 Romam
1124 1738 1277 1802 invectos
1296 1738 1402 1803 tuisse
1421 1747 1580 1804 statuant.
1614 1741 1675 1805 sed
1767 1775 1768 1780 κ

264 1841 416 1924 primum
437 1845 504 1906 boc
524 1847 731 1926 notandum,
760 1841 926 1906 hocloco
948 1859 1027 1906 eum
1048 1844 1287 1906 tantummodo
1308 1843 1352 1907 de
1372 1845 1555 1914 concordia
1575 1841 1673 1907 civili

264 1945 440 2010 disserere.
469 1947 548 2014 aliis
577 1954 692 2012 autem
710 1945 797 2011 locis
821 1952 937 2031 aperte
965 1945 1069 2012 etiam
1095 1965 1209 2012 mores
1235 1957 1310 2012 tum
1329 1948 1494 2033 temporis
1513 1957 1672 2031 optumos

263 2049 369 2116 iuuisse
389 2051 484 2121 dicit.
508 2051 568 2118 cfr.
585 2053 674 2122 Hist.
694 2055 824 2140 Fragm.
838 2053 866 2116 I.
881 2075 913 2134 7.
932 2047 1092 2135 optumis
1111 2060 1234 2116 autem
1253 2049 1417 2117 moribus
1437 2061 1473 2118 et
1493 2073 1670 2116 maxumo

264 2153 465 2221 concordio
486 2154 561 2244 egit
577 2157 622 2221 P.
641 2158 686 2222 R.
703 2152 804 2222 inter·
821 2156 1018 2221 secundum
1038 2163 1150 2239 atque
1162 2164 1390 2241 postremum
1417 2157 1549 2222 bellum
1575 2155 1668 2224 Can-

265 2256 503 2348 tloginiense.
525 2259 587 2330 ctr.
605 2261 631 2325 1.
646 2260 671 2323 l.
690 2264 720 2325 8.
737 2269 771 2328 et
788 2283 819 2344 9.
840 2261 972 2327 scilicet
990 2263 1064 2327 hec
1088 2270 1138 2327 est
1161 2262 1250 2326 ratio
1274 2264 1435 2330 humane
1455 2271 1601 2346 nature,
1628 2268 1669 2326 ut

264 2363 434 2444 majorum
454 2367 598 2432 virtutes
615 2367 766 2434 laudent.
786 2371 872 2433 Cato
888 2387 1024 2432 morum
1034 2367 1266 2456 integritatem
1284 2370 1447 2434 laudibus
1468 2366 1669 2451 celebravit,
1747 2450 1753 2461 .

264 2490 334 2552 que
351 2473 502 2536 Romani
522 2473 744 2538 excelluerint
763 2481 917 2560 tempore
936 2473 1154 2541 bellicontra
1163 2477 1333 2561 Pyrrhum
1354 2474 1458 2563 gesti3
1498 2471 1667 2538 Salustius

263 2575 359 2642 idern
380 2577 495 2643 laudis
521 2579 732 2664 praeconium
758 2579 923 2665 patribus,
942 2577 1005 2661 qui
1024 2580 1321 2666 Carthaginienses
1336 2579 1507 2665 vicerant,
1525 2577 1669 2658 tribuit;

262 2682 401 2746 Tacitus
428 2684 483 2748 vel
508 2692 659 2749 extrema
685 2684 884 2770 reipublice
905 2692 1060 2769 tempora
1077 2683 1264 2750 virtutibus
1284 2686 1377 2750 clara
1391 2686 1542 2773 putavit,
1572 2685 1669 2767 quod

263 2796 382 2874 postea
394 2791 503 2852 multa
516 2789 626 2870 major
645 2790 781 2855 luxuria
800 2809 1005 2874 morumque
1015 2790 1191 2873 corruptio
1201 2790 1364 2856 invasisse
1373 2793 1567 2876 putabatur.
1587 2783 1666 2853 otio

261 2899 303 2960 et
320 2885 658 2986 ..enumeratos
677 2895 771 2960 suem
791 2896 912 2958 saue
930 2894 969 2985 sa
989 2897 1059 2957 car.
1075 2893 1261 2980 judicavit,
1279 2895 1343 2958 uns
1356 2875 1519 2980 ‘plurilus
1538 2896 1604 2957 uae
1622 2892 1666 2955 aa

264 3015 303 3062 re
323 2997 492 3064 disseruit.
522 2987 648 3063 eorum
667 3020 808 3078 rerum,
828 3019 931 3083 quae.
950 2998 1158 3063 constructio
1186 3002 1403 3081 adsensum,
1431 3018 1507 3080 quae
1528 2995 1666 3059 dicitur.

264 3101 325 3166 eir.
347 3102 425 3166 loca
444 3103 588 3168 aCortio
608 3105 748 3167 laudata
766 3105 838 3172 Liv.
854 3120 904 3168 aa.
919 3123 968 3184 29.
986 3105 1179 3184 «rebusque
1198 3102 1278 3166 aliis
1288 3102 1418 3167 divinis
1427 3100 1669 3184 humanisque,

265 3227 360 3290 quoe
384 3227 448 3292 per
473 3207 566 3292 ipsos
584 3211 717 3295 agenda
737 3216 866 3276 erant.»
885 3207 952 3276 cic.
975 3211 1059 3296 Epp.
1082 3211 1130 3272 16.
1151 3224 1182 3286 4.
1200 3204 1320 3284 ..illud
1335 3206 1387 3270 mi
1405 3207 1506 3293 Tiro,
1534 3214 1567 3271 te
1586 3225 1665 3290 per·

179 3315 208 3332 ''
234 3343 238 3346 ·
265 3331 368 3399 rogo,
404 3314 534 3378 sumlui
560 3335 605 3378 ne
632 3331 751 3399 parcas
777 3315 850 3378 ulla
875 3313 915 3377 in
945 3331 999 3400 re,
1033 3315 1134 3398 quod
1148 3317 1193 3378 ad
1211 3313 1445 3379 valetudinem
1475 3331 1561 3397 opus
1591 3310 1667 3376 sit.»

264 3419 304 3482 l.
322 3418 412 3485 Geli.
435 3441 463 3483 ι.
488 3436 537 3498 14.
570 3461 588 3497 a
601 3422 703 3486 rebus
728 3457 770 3472 -
797 3441 890 3503 quoe
916 3419 1006 3485 bene
1030 3417 1202 3485 fecisset.»
1230 3419 1290 3483 cfr.
1311 3425 1399 3484 cort.
1417 3420 1462 3482 ad
1490 3417 1561 3483 Cic.
1578 3419 1665 3502 Epp.

267 3527 315 3587 sti.
334 3539 364 3600 a.
378 3522 528 3607 placide
546 3525 782 3608 modesteque.
801 3525 939 3615 placide
957 3525 982 3589 i.
998 3545 1027 3591 e.
1047 3525 1145 3589 nulla
1165 3524 1377 3590 dissensione
1408 3544 1470 3590 seu
1493 3522 1667 3588 discordia

265 3627 363 3692 civili
374 3639 459 3696 orta.
479 3630 715 3713 modesteque.
735 3637 773 3696 ut
782 3629 905 3715 saepius
919 3632 1011 3714 apud
1025 3629 1093 3694 Sal.
1110 3649 1176 3714 pro
1191 3631 1390 3714 moderate,
1397 3627 1446 3692 sic
1456 3629 1559 3695 etiam
1572 3629 1664 3711 apud

265 3732 339 3800 Lis.
359 3735 516 3818 aliosque
536 3743 701 3801 auctores.
721 3735 780 3801 eir.
795 3737 867 3800 liv.
879 3741 930 3804 do.
945 3751 997 3813 aa.
1013 3736 1138 3812 ..rebus
1152 3735 1310 3800 secundis
1326 3737 1479 3797 modeste
1496 3752 1535 3796 ac
1545 3733 1665 3795 mode.-
1689 3775 1695 3784 ·

258 3847 340 3928 ¹rate
354 3839 434 3902 uris
456 3827 514 3906 cfr.
526 3839 616 3909 ilist.
625 3843 756 3927 liragm.
776 3863 802 3909 ι.
813 3844 842 3904 8.
855 3861 972 3923 aequo
982 3849 1019 3904 et
1032 3840 1194 3906 modesto
1201 3836 1293 3929 jure
1304 3833 1499 3926 agitatum.
1509 3875 1551 3890 -
1561 3842 1664 3900 troc·

268 3953 350 4006 tore
368 3944 542 4028 rempubl.
563 3945 624 4010 cfr.
641 3949 711 4010 Cat.
724 3949 775 4013 51.
797 3943 895 4010 inter·
910 3965 949 4008 ae
969 3952 1018 4009 est
1035 3943 1263 4027 conjunctim,
1293 3941 1343 4006 ita
1361 3951 1399 4004 ut
1416 3951 1450 4007 et
1465 3943 1615 4029 populus
1629 3949 1663 4007 et

266 4055 402 4109 senatus
428 4049 676 4130 rempublicam
701 4059 921 4136 capesserent.
950 4049 1031 4114 aliis
1049 4050 1136 4115 locis
1155 4057 1189 4116 et
1208 4047 1332 4139 sepius
1350 4049 1492 4132 quidem
1512 4045 1664 4112 invicem

266 4149 447 4236 significat.
475 4172 591 4234 neque
606 4151 760 4245 gloriae.
790 4157 949 4243 intellige
968 4153 1063 4221 falsae
1085 4156 1215 4242 gloriae,
1234 4177 1310 4239 quae
1330 4153 1464 4239 magnis
1482 4151 1605 4234 opibus
1624 4150 1663 4212 in

266 4255 444 4342 republica
462 4256 596 4327 nititur.
615 4260 653 4328 id
673 4265 769 4348 quod
784 4262 1019 4334 additamento
1038 4256 1539 4345 dominationbsignificatura
1558 4275 1665 4341 querc

1283 4371 1308 4421 s
