4106 4974
403 432 475 526 144

398 635 450 695 est
481 628 640 709 qrraedam
669 622 871 710 simplicitas
899 623 938 690 in
969 621 1036 689 hee
1061 621 1225 692 dictione.
1238 614 1354 714 suere
1372 615 1451 692 viri.
1472 621 1556 690 inde
1574 625 1684 712 patet,
1703 623 1818 695 heca

396 732 548 798 salustio
569 737 648 816 post
669 728 809 796 Gaesaris
830 737 976 794 mortem
996 719 1132 814 scripta.
1164 726 1542 796 constabularius
1561 731 1817 799 certumrisurn

397 847 462 905 661.
485 836 546 900 616.
565 835 757 902 (166116.
779 839 809 898 3.
829 849 876 911 64.
895 855 1011 917 neque
1028 827 1124 897 66116
1143 833 1281 918 116616,
1301 829 1599 929 6676616166616
1620 837 1816 905 constabat

402 937 495 1025 quid
512 929 678 1031 agerent.
708 933 846 1029 effetus
859 938 1000 1023 proprie
1021 937 1082 1020 qui
1099 945 1236 1021 partum
1256 937 1390 1022 edidit,
1410 945 1484 1002 tum
1496 942 1679 1006 exhaustus
1690 941 1815 1010 fetibus

353 1063 363 1078 ’·
394 1045 551 1112 edendis.
570 1045 631 1112 cir.
654 1043 746 1112 Plin.
759 1045 802 1106 H.
816 1047 857 1108 Ν.
867 1063 913 1108 ro.
924 1047 975 1107 63.
995 1036 1502 1128 611766676611111676661661,
1523 1041 1673 1128 aliquae
1684 1041 1813 1126 1161116,

398 1151 548 1234 alr‘quae
567 1148 606 1214 16
625 1157 787 1234 tantum,
804 1155 847 1212 ut
867 1147 995 1231 effetae
1022 1144 1245 1221 moriantur.
1268 1145 1329 1215 cir.
1351 1146 1442 1210 Plin.
1459 1149 1543 1234 Epp.
1566 1151 1596 1213 6.
1615 1165 1667 1223 66.
1687 1151 1812 1216 Seneca

396 1257 479 1340 Epp.
499 1273 550 1335 9⁰·
584 1253 765 1320 Genitivus
787 1262 986 1338 parentum
1007 1253 1163 1336 quamvis
1182 1251 1324 1318 defendi
1340 1259 1473 1337 potest,
1501 1261 1616 1318 tamen
1642 1251 1713 1317 non
1733 1255 1813 1319 66116

400 1360 599 1424 concinnus.
635 1362 695 1424 sed
727 1359 946 1442 asperitatem
966 1360 1141 1441 qrrandam
1157 1365 1306 1443 captasse
1330 1354 1469 1420 ridetur
1493 1355 1671 1422 Salustius.
1697 1357 1813 1424 simil'e

393 1466 529 1528 'Venus
543 1464 704 1548 pulchra
727 1465 876 1528 dearum
897 1483 952 1548 ap.
970 1463 1133 1529 Ennium.
1160 1455 1358 1547 praecipui
1373 1457 1577 1528 amicorum
1596 1463 1701 1527 Tacit.
1719 1463 1810 1525 Aun.

400 1571 450 1632 66.
470 1571 520 1633 66.
543 1563 632 1632 teeti
639 1565 827 1657 juvenum.
846 1568 928 1636 Stat.
947 1569 1055 1633 Theb.
1073 1589 1101 1636 1.
1122 1570 1194 1660 666.’
1212 1565 1274 1632 cir.
1289 1565 1454 1632 lluddim.
1473 1568 1555 1635 Inst.
1576 1570 1614 1632 1.
1636 1571 1674 1631 L.
1694 1569 1738 1631 ll.
1756 1567 1809 1630 eo.

399 1665 562 1758 expediti
580 1667 750 1741 militum.
771 1671 844 1758 Lir.
859 1677 909 1736 36.
926 1693 956 1755 9.
988 1689 1105 1740 sensus
1121 1689 1193 1738 esse
1209 1672 1367 1738 ridetur:
1387 1689 1427 1736 66
1448 1669 1557 1737 relutl
1575 1670 1667 1736 16166
1683 1691 1810 1756 paren·

394 1787 446 1842 tes
466 1785 576 1842 mater
598 1777 755 1861 partibus
775 1773 1016 1844 666666166666
1029 1777 1134 1864 66161,
1154 1777 1205 1843 116
1217 1779 1329 1843 Roma
1342 1776 1435 1844 inter
1449 1777 1568 1862 urbes,
1588 1776 1717 1860 quippe
1730 1791 1811 1859 que

400 1881 464 1944 diu
481 1867 642 1968 inagnum
664 1882 778 1946 virum
799 1902 870 1945 666
891 1883 1067 1967 genuerit3
1087 1901 1164 1966 que
1184 1881 1368 1968 explicatio
1391 1882 1525 1968 multis,
1548 1885 1668 1964 eredo,
1687 1881 1810 1946 durior

393 1985 593 2064 6166611667
614 1985 859 2071 quarenescio,
879 2005 924 2050 an
945 1989 989 2050 ad
1010 1985 1242 2065 conjecturam
1262 1986 1532 2076 confugiendum
1542 1995 1577 2051 et
1587 1985 1809 2069 antiquorum

398 2089 601 2156 criticorum
621 2091 745 2169 lectio,
760 2099 918 2175 parente
937 2093 1129 2156 revocanda
1148 2091 1204 2157 611.
1223 2093 1407 2159 verborum
1427 2097 1597 2157 structura
1614 2091 1671 2158 rel
1692 2089 1739 2156 sie
1753 2091 1808 2154 in-

394 2196 513 2280 solita,
537 2216 617 2259 nam
629 2203 786 2278 parente
804 2215 868 2280 per
886 2193 1081 2294 1116769166
1094 2216 1158 2281 pro
1171 2191 1302 2282 patria
1326 2197 1474 2278 dicmur,
1494 2215 1608 2279 neque
1615 2195 1718 2262 sicuti
1729 2215 1807 2260 cum

395 2301 465 2364 abl.
485 2301 556 2368 ahs.
577 2301 658 2364 satis
679 2300 850 2383 frequens.
870 2299 919 2394 ita
938 2300 1047 2387 igitur
1061 2301 1302 2388 corrigendum
1322 2321 1394 2368 esse
1409 2301 1539 2384 judico.
1561 2303 1667 2370 codd.
1688 2301 1740 2367 nil
1752 2297 1815 2381 ju.

398 2413 489 2470 6661.
504 2426 564 2470 666
585 2405 781 2471 obtulerat.
803 2405 873 2476 16.
895 2410 991 2488 quod
1011 2427 1132 2477 eorum
1153 2409 1284 2473 mentio
1305 2408 1431 2489 injecta
1450 2416 1512 2482 est.
1531 2403 1684 2482 61166116
1696 2429 1808 2492 prae·

396 2507 509 2574 166166
527 2519 589 2574 616.
620 2508 718 2591 quin.
741 2514 893 2575 notanda
921 2510 1089 2577 orationis
1113 2513 1335 2578 abundantia.
1356 2511 1561 2578 6661666166.
1582 2511 1655 2576 Lir.
1682 2515 1734 2582 33.
1755 2515 1807 2577 36.

396 2613 476 2678 Nec
497 2615 601 2676 61166
620 2611 875 2680 sustinuerunt
896 2625 1083 2682 certamen
1105 2614 1230 2702 Galli,
1258 2604 1349 2702 Ι7616
1370 2625 1478 2707 targa
1498 2623 1676 2684 verterent
1694 2624 1808 2698 atque

399 2717 511 2800 effuse
519 2711 709 2806 fugerent.
728 2718 802 2790 Liu.
817 2742 844 2784 1.
857 2735 908 2798 46.
929 2743 996 2786 nec
1017 2717 1121 2805 rupit
1138 2730 1261 2786 tamen
1269 2719 1360 2812 sati
1372 2718 1620 2788 necessitatem
1635 2717 1807 2816 16666616

395 2817 577 2905 consiliis,
613 2819 716 2904 quia·
732 2817 869 2892 invidia
894 2821 1004 2918 regni
1030 2819 1142 2892 611666
1169 2821 1268 2892 16166
1288 2825 1504 2895 domesticos
1523 2827 1648 2894 omnia
1668 2820 1807 2919 inserta

387 2925 550 3020 faceret.

471 3037 553 3119 Cap.
575 3035 660 3101 LIV.
675 3036 810 3102 Genus.
831 3037 962 3104 tuliam
983 3047 1121 3128 gentem
1133 3039 1240 3108 161666
1250 3039 1474 3106 clarissimam
1488 3041 1526 3106 16
1539 3040 1664 3125 vulgus
1672 3043 1803 3102 uotum.

392 3139 521 3202 Porciae
542 3141 654 3222 gentis
673 3143 775 3208 decus
789 3145 929 3210 Catonis
948 3153 1113 3234 proavusf,
1135 3151 1217 3215 cato
1228 3150 1420 3214 Censorius.
1440 3151 1526 3212 Nam
1540 3156 1619 3212 aute
1634 3150 1702 3212 hoe
1719 3152 1805 3208 tem·

391 3261 457 3326 pus
479 3261 551 3306 666
573 3243 623 3306 116
648 3230 750 3307 ’666111
780 3267 821 3312 ex
842 3251 964 3312 Porcia
990 3263 1091 3336 gente
1119 3271 1271 3318 summos
1300 3256 1451 3317 honores
1471 3251 1611 3340 gessisse
1629 3251 1805 3314 ridentur.

391 3347 642 3416 6161616611.
659 3352 699 3416 N.
710 3350 748 3412 A.
764 3353 811 3414 63.
829 3371 875 3430 ¹9·
899 3360 1013 3416 aetas.
1028 3361 1136 3419 Cesar
1150 3375 1192 3420 eo
1209 3366 1362 3442 tempore
1371 3359 1535 3424 XXXVII.
1557 3359 1640 3420 Cato
1651 3355 1804 3419 XXXIII.
1887 3381 1894 3386 ·

392 3467 503 3512 annos
524 3461 623 3513 natus
643 3453 721 3514 fuit.
755 3453 817 3523 cfr.
836 3457 966 3521 Sueten
984 3461 1054 3528 Jul.
1075 3463 1194 3526 Caesar.
1216 3481 1288 3546 cap.
1308 3463 1358 3532 86.
1390 3471 1424 3528 61
1444 3463 1532 3527 Ρ161.
1554 3464 1625 3530 Cat.
1646 3459 1729 3524 min.
1751 3461 1802 3539 73.

394 3553 615 3635 eloquentia.
636 3557 681 3619 de
691 3557 820 3618 Caesare
830 3557 910 3620 vide
928 3563 1068 3625 Sueten.
1085 3565 1134 3624 65.
1156 3564 1224 3626 cic.
1234 3569 1324 3627 Brut.
1339 3583 1389 3647 76.
1412 3569 1463 3648 76.
1482 3568 1612 3653 Dialog
1628 3569 1671 3630 de
1686 3567 1803 3639 Causa.

391 3667 541 3745 corrupt.
560 3659 662 3742 Eloq.
677 3681 724 3742 17.
746 3659 912 3747 Quinctil.
930 3663 971 3728 X.
987 3684 1015 3726 1.
1038 3666 1081 3730 de
1101 3667 1231 3732 061666
1256 3670 1337 3738 ride
1353 3673 1422 3738 Cic.
1441 3675 1485 3739 de
1505 3675 1578 3737 Fin.
1594 3689 1625 3750 4.
1641 3675 1670 3736 6.
1700 3673 1806 3736 Ρ666.

391 3769 468 3830 dox.
492 3767 568 3832 init.
590 3771 681 3832 Brut.
700 3771 750 3832 36.
772 3767 909 3852 Quinct.
932 3791 975 3836 ιι.
998 3791 1043 3850 1.;
1065 3795 1109 3840 66.
1128 3777 1159 3848 3.
1186 3771 1802 3863 666616661166766.0166666111

390 3871 460 3931 Cat.
487 3875 516 3931 6.
549 3876 659 3940 Ceasar
679 3874 881 3939 mitissimus
912 3886 1015 3958 atque
1036 3878 1231 3943 lenissimus
1251 3882 1357 3946 homo
1384 3883 1521 3951 dicitur.
1544 3885 1639 3948 idem
1659 3901 1722 3967 pro
1741 3880 1802 3942 L'b

381 3972 488 4060 ‘gario
510 3982 592 4036 extr.
625 3979 749 4052 ..nulla
770 3981 813 4042 dc
836 3981 1021 4045 virtutibus
1042 3983 1109 4046 tuis
1129 3985 1371 4050 admirabilior
1390 3996 1491 4070 atque
1512 3989 1644 4074 gratior
1663 3985 1802 4052 661661-

389 4079 586 4146 66616661116.
609 4080 667 4146 cir.
691 4085 775 4164 Epp.
797 4085 874 4146 Dir.
897 4087 926 4147 6.
943 4088 971 4148 6.
994 4083 1211 4175 dignitatem
1233 4088 1435 4155 addiderat.
1457 4093 1518 4161 eir.
1541 4091 1632 4156 infra
1654 4111 1728 4178 cap.
1749 4091 1800 4154 68.

390 4183 494 4252 verba
514 4181 688 4250 virtutem
710 4203 786 4250 666
808 4186 952 4253 addere.
970 4191 1048 4274 lug.
1067 4196 1117 4272 73.
1138 4190 1251 4256 alteri
1267 4193 1411 4282 generis
1427 4193 1618 4261 humilitas
1623 4193 1800 4285 favorem

389 4287 593 4358 addiderat.
613 4290 662 4360 id.
684 4291 733 4355 86.
754 4289 815 4362 116.
837 4293 957 4359 Horat.
977 4295 1061 4380 Epp.
1084 4317 1114 4362 6.
1137 4315 1167 4362 6.
1190 4301 1292 4364 36-
1311 4299 1799 4386 dando,sublevcnd0.13elt.
