4116 4970
411 375 459 474 76

411 569 509 643 &193
523 563 596 626 Liv.
607 562 714 642 πως.
725 555 785 628 cir.
796 559 945 624 Gronov.
954 559 998 622 ad
1007 559 1124 624 Senec.
1135 555 1248 624 Benef.
1259 559 1288 624 5.
1299 558 1345 622 ιε.
1357 557 1418 642 Ep.
1428 572 1477 632 ²4.
1490 555 1561 618 Lir.
1571 555 1620 622 αθ.
1631 557 1686 635 ³93
1696 555 1745 616 rt.
1757 574 1809 634 ¹93

413 676 462 747 39.
476 669 506 734 8.
521 669 593 731 haee
604 663 781 750 particula
790 665 931 728 omissio
942 663 1092 748 pertinet
1113 666 1156 728 ad
1169 665 1352 747 abruptum
1363 661 1503 726 dicendi
1511 680 1628 747 genus,
1647 662 1742 742 quod
1751 661 1809 721 Sa·

412 771 516 835 lustio
527 757 707 855 proprium
727 788 798 835 esse
811 769 1025 851 antiquiores
1048 768 1159 832 critici
1181 777 1355 842 notamina
1377 777 1525 832 ceterum
1548 769 1698 829 notanda
1718 765 1810 829 inso-

410 875 518 940 lentia
538 873 723 938 orationis:
746 869 835 956 quia
855 874 1017 940 nondum
1043 910 1086 926 -
1112 895 1156 938 ea
1176 894 1243 938 ree.
1263 893 1351 958 pro:
1380 875 1440 938 sed
1460 869 1645 937 consilium
1673 870 1809 954 irritum

410 980 553 1064 sactum,
573 981 667 1062 quod
687 986 750 1047 etc.
771 977 853 1043 hinc
875 978 1019 1064 colligas
1047 998 1120 1042 non
1145 977 1275 1060 ubique
1302 976 1486 1042 Salustium
1507 975 1685 1040 brevitatis
1704 975 1809 1043 tuisse

409 1087 610 1150 studiosum.
640 1085 700 1148 sed
721 1082 810 1148 inest
831 1093 921 1149 certa
941 1087 1098 1166 quedam
1118 1083 1308 1170 elegentia3
1341 1083 1390 1147 ita
1414 1082 1508 1149 enim
1537 1082 1647 1146 multo
1675 1081 1809 1168 signifi·

410 1191 543 1256 cantius
564 1189 711 1272 dictum,
739 1207 817 1270 quae
838 1209 892 1252 res
911 1190 1129 1274 potissimum
1149 1187 1255 1253 fuerit
1275 1187 1534 1273 impedimento.
1556 1182 1726 1252 dirimere
1743 1207 1808 1252 ror

408 1297 551 1380 propria
571 1296 609 1359 in
629 1293 851 1377 haruspicina
871 1292 931 1355 cfr.
953 1293 1023 1357 Cic.
1043 1295 1086 1356 de
1105 1291 1221 1356 Divin.
1233 1287 1270 1357 r.
1289 1315 1337 1374 29.
1366 1288 1456 1376 quid
1478 1290 1586 1355 habet
1606 1291 1809 1378 haruspex,

410 1421 478 1462 cur
491 1401 621 1481 pulmo
644 1393 800 1484 incisae,
820 1395 932 1462 ettam
954 1394 993 1462 in
1016 1393 1248 1481 bonitatis,
1269 1393 1420 1462 dirimat
1441 1404 1580 1481 tempus
1596 1391 1810 1485 etpraferat

410 1499 513 1566 diem.
534 1501 595 1567 clr.
616 1503 707 1566 Ptin.
729 1505 773 1566 H.
793 1507 834 1572 N.
850 1504 879 1565 8.
892 1505 945 1583 57.
967 1495 1129 1567 soricum
1150 1510 1305 1569 oecentu
1326 1495 1452 1564 dirimi
1468 1495 1646 1584 auspicia.
1666 1503 1726 1566 sed
1746 1500 1811 1565 eti-

409 1627 465 1670 am
482 1611 525 1670 ad
542 1607 608 1670 alia
629 1607 778 1693 pertinet
798 1607 867 1671 Cic.
883 1609 1039 1693 deLegg.
1055 1625 1083 1668 a.
1107 1627 1154 1671 rs.
1176 1605 1267 1690 quid
1275 1603 1428 1695 gracias
1445 1627 1554 1689 qaam
1574 1627 1649 1670 rem
1670 1626 1810 1690 suseep-

412 1721 493 1776 tam
511 1707 653 1795 dirimi,
672 1708 708 1776 si
725 1731 820 1776 unus
840 1733 962 1799 augur
981 1707 1057 1784 alio
1070 1708 1128 1776 die
1148 1708 1284 1778 dixerit
1304 1710 1365 1778 cir.
1386 1711 1457 1774 Lir.
1476 1711 1505 1772 8.
1526 1715 1582 1790 ²³3
1607 1733 1633 1778 r.
1648 1713 1697 1778 26.
1721 1719 1810 1775 eete-

409 1835 484 1878 rurn
493 1816 679 1884 Salustium
699 1817 801 1883 rebus
821 1815 986 1884 inanimis
1004 1814 1077 1882 vim
1096 1816 1229 1908 agentis
1244 1817 1395 1884 tribuere
1411 1815 1484 1897 jam
1504 1835 1605 1902 supra
1624 1823 1675 1884 est
1694 1815 1810 1882 moui·

410 1929 492 1996 tum.
507 1957 551 1976 .-

488 2029 568 2112 Cap.
589 2027 676 2092 XIX.
693 2047 766 2113 pro
790 2027 1008 2110 Quaeetare,
1030 2027 1154 2115 saepius
1162 2027 1283 2114 fiebat,
1302 2035 1341 2094 ut
1363 2025 1805 2114 inferioribusmagistrati·

411 2133 476 2196 bus
495 2141 645 2218 potestas
657 2132 875 2220 superiorum
896 2135 1177 2216 demandaretur3
1198 2156 1229 2208 e.
1243 2157 1293 2222 gr.
1314 2144 1476 2221 pretores
1495 2133 1731 2219 proconsulari
1746 2152 1810 2217 po·

409 2225 527 2302 testate
548 2239 587 2301 in
609 2239 806 2323 provincias
826 2239 1061 2309 mittebantur.
1094 2242 1204 2306 Cesar
1230 2241 1417 2305 Salustium
1437 2249 1617 2326 praetorem
1635 2258 1699 2326 pro
1720 2241 1808 2301 Con·

407 2342 482 2404 sule
505 2363 582 2408 cum
605 2343 753 2430 imperio
775 2345 812 2409 in
834 2345 997 2408 Numidia
1018 2343 1171 2426 reliquit.
1194 2345 1255 2410 cir.
1275 2346 1355 2412 hist.
1377 2349 1420 2412 de
1439 2344 1649 2411 belloAlrie.
1670 2363 1742 2429 cap.
1758 2347 1807 2423 96.

408 2448 475 2510 Cic.
502 2449 815 2536 I.de1.egg.cap.
846 2469 895 2514 ao.
927 2447 1085 2514 Gellium
1109 2444 1343 2541 familiarem
1376 2459 1507 2535 taum,
1536 2472 1618 2514 eum
1645 2467 1808 2536 praeon-

406 2553 484 2613 eule
505 2571 549 2612 ex
560 2559 747 2633 praetura
767 2548 806 2616 in
827 2549 1020 2617 Graeciam
1042 2549 1189 2617 venisset
1210 2555 1321 2618 Etiam
1342 2555 1540 2641 Pompeius,
1560 2576 1637 2619 cum
1657 2553 1808 2639 privatus

407 2659 513 2737 esset,
541 2655 764 2738 proconsule
791 2653 829 2716 in
849 2653 1064 2739 provinciam
1085 2657 1208 2720 missus
1238 2667 1297 2721 est.
1319 2659 1378 2722 cir.
1400 2659 1468 2724 Cic.
1489 2680 1553 2746 pro
1574 2662 1663 2746 Lege
1687 2657 1806 2724 Manil.

406 2777 475 2840 cap.
490 2775 540 2820 rr.
562 2765 596 2822 et
624 2759 684 2842 Ep.
705 2763 749 2822 ad
768 2758 854 2836 niv.
876 2763 904 2824 5.
927 2781 954 2821 ι.
972 2777 1002 2827 a.
1031 2759 1094 2824 ubi
1121 2761 1161 2846 Q.
1183 2761 1343 2827 Metellus
1365 2763 1489 2849 Celer,
1509 2765 1571 2848 qui
1592 2763 1715 2830 Gallia
1738 2762 1807 2826 Cis·

408 2862 541 2946 alpina¹
558 2864 755 2949 Propraetor
774 2873 866 2941 erat,
885 2863 923 2928 in
954 2863 1057 2930 titulo
1078 2864 1232 2952 epistolar
1252 2869 1439 2952 proconsul
1461 2870 1599 2934 dicitur.
1620 2873 1671 2934 De
1691 2871 1805 2934 hono·

405 2987 441 3032 re
467 2977 560 3034 extra
585 2968 745 3036 ordinem
768 2969 888 3036 Pisoni
913 2974 1120 3038 demandato
1151 2973 1232 3038 ride
1258 2975 1380 3038 Aaron.
1405 2977 1535 3038 comm.
1555 2973 1625 3038 Cic.
1644 2975 1700 3038 Or.
1722 2975 1806 3058 Tog.

404 3077 508 3135 Cend.
530 3099 563 3158 p.
583 3078 650 3140 152.
670 3077 751 3143 vide
771 3086 935 3162 preterea
955 3077 1217 3164 inscriptionem
1236 3081 1330 3165 apud
1356 3080 1530 3149 Ursinum.
1562 3078 1629 3149 Cn.
1651 3077 1808 3164 Calpur·

403 3171 496 3240 nius.
521 3177 588 3244 Cn.
608 3179 654 3241 F.
675 3175 763 3244 Piso
788 3183 981 3262 Quaestor.
1002 3185 1137 3267 Propr.
1157 3207 1202 3248 eor
1220 3189 1250 3250 S.
1273 3184 1314 3251 C·
1334 3179 1568 3252 Provinciam
1583 3179 1806 3270 Hispaniam

405 3275 613 3346 citeriorem
636 3279 807 3346 obtinuit.
819 3281 1067 3348 -adaitente
1078 3285 1142 3350 ie.
1159 3295 1298 3352 auctore
1318 3295 1421 3372 atque
1439 3289 1607 3370 adjutore.
1625 3289 1735 3354 rarius
1746 3288 1806 3352 ab-

404 3383 515 3446 solute
536 3384 676 3446 dietum.
697 3385 802 3471 vulgo
824 3387 917 3450 enim
944 3383 1068 3452 adniti
1091 3389 1159 3475 ad,
1188 3408 1249 3456 seu
1270 3393 1314 3458 de
1335 3413 1373 3460 re
1392 3394 1510 3478 aliqua
1529 3395 1657 3460 dicitur
1677 3394 1732 3459 rel
1753 3411 1807 3458 se·

403 3487 522 3572 quitur
548 3489 693 3552 verbum
714 3509 792 3552 cum
812 3491 1055 3569 conjunctione
1074 3513 1147 3577 ne,
1172 3505 1215 3558 ut
1243 3507 1306 3563 ete.
1332 3499 1494 3564 similiter
1518 3509 1557 3564 ut
1585 3507 1702 3564 nostro
1728 3498 1806 3561 loco

402 3591 474 3656 Liv.
494 3612 542 3660 ar.
556 3595 584 3659 8.
608 3593 736 3660 Poeno
758 3590 892 3678 cepisse
911 3591 1046 3688 sejam
1065 3595 1209 3662 arbem.
1229 3597 1471 3687 eipaulalum
1494 3600 1709 3688 adnitatur,
1730 3624 1810 3667 cre·

404 3699 570 3765 dente-
591 3695 804 3792 infestum
788 3697 986 3768 mimicam.
1008 3722 1086 3766 curn
1106 3703 1218 3769 Guell.
1238 3729 1285 3771 ιι.
1307 3704 1495 3774 inimicum
1516 3709 1672 3776 omiserit
1695 3716 1729 3774 et
1753 3727 1805 3774 se·

404 3823 511 3882 quens
532 3807 666 3872 dativus
686 3807 854 3888 adjectivo
876 3807 1013 3872 facilius
1033 3827 1136 3892 quam
1158 3812 1372 3880 substantivo
1388 3815 1571 3902 jungatur,
1590 3814 1718 3897 aliquis
1740 3835 1804 3899 pu·

405 3914 470 3989 tet,
491 3908 580 3971 hanc
599 3931 721 3974 vocem
740 3931 812 3978 esse
807 3901 1035 3998 delendam,
1055 3934 1115 3980 seu
1137 3925 1227 3982 certe
1247 3919 1496 3985 nonnullorum
1517 3921 1690 3985 librorum
1718 3919 1805 3994 (inc.

403 4013 562 4076 2..Rem
583 4037 606 4072 ι·
636 4015 761 4082 Guelt'.
765 4039 792 4086 r
803 3986 899 4108 9)
897 4017 1082 4107 lectionem
1112 4015 1334 4109 infestum
1317 4019 1575 4109 inimicumque
1594 4025 1803 4111 probaverit.

402 4121 460 4184 sed
481 4116 601 4182 omnia
620 4118 709 4183 bene
728 4136 765 4181 se
784 4120 923 4182 hahent.
955 4143 1034 4186 nem
1054 4123 1205 4208 primum
1234 4124 1397 4192 infestum
1426 4129 1491 4194 et'
1480 4129 1662 4194 mimicum
1682 4129 1803 4215 sepius

399 4223 594 4310 junguntur
626 4222 685 4288 clr
708 4215 776 4288 Cic.
797 4243 860 4332 pro
882 4225 1043 4314 Quinta.
1065 4250 1198 4296 cum..
1209 4227 1275 4296 .ei
1293 4228 1417 4299 amnia
1438 4226 1589 4299 inimica
1610 4242 1724 4319 atque
1743 4230 1800 4302 in·
