4108 4976
386 408 457 501 δίῃ

321 591 324 598 “
390 601 504 663 banda
525 596 576 660 sil
598 594 669 661 nisi
685 596 834 683 partium
855 597 1006 662 studium
1026 607 1200 685 mactaret.
1248 593 1377 664 Contra
1393 599 1459 662 huo
1477 597 1520 662 in.
1536 611 1576 662 re
1592 601 1792 685 Thucydidi

391 703 591 769 simillimus
611 711 681 767 e's'se
700 694 852 779 videtur,
877 708 972 785 quod
993 714 1025 770 et
1043 708 1160 770 eadem
1174 705 1245 792 iere
1258 707 1301 768 de
1315 721 1429 770 rerum
1441 703 1661 788 publicarunt
1670 705 1794 774 mimis

329 799 332 809 “
391 808 511 891 sentit,
542 815 575 871 e't
600 807 799 893 incorrupto
814 807 966 895 judicio,
991 811 1077 892 quid
1097 811 1227 892 ubique
1246 807 1458 873 laudandum
1478 807 1792 896 fugiendumrestt,

390 915 574 1000 ponaerae
610 915 727 996 Quare*
745 921 875 977 tantum
897 917 1007 1001 abest,
1028 925 1066 979 ut
1085 917 1268 1002 populares
1286 913 1385 978 siros·
1399 909 1590 998 laadando,
1609 933 1697 996 quos
1715 917 1792 979 Sul-
1876 917 1882 926 “

390 1019 425 1082 la
446 1027 479 1083 et
499 1017 665 1104 Rutilius,
695 1021 813 1102 credo,
838 1019 1003 1084 conviciis
1021 1021 1266 1106 laceraverant,
1287 1040 1406 1086 eorum
1427 1019 1648 1085 inimicorum
1670 1022 1793 1106 gloria

390 1123 572 1208 obtrectet,
611 1131 650 1186 ut
675 1123 790 1207 potius
811 1138 923 1207 neque
945 1124 1094 1210 Metelli,
1130 1145 1243 1207 neque
1260 1126 1363 1190 Solle
1383 1143 1498 1190 mores
1520 1126 1564 1187 ab
1590 1125 1665 1188 ullo
1685 1127 1794 1211 scrip-

391 1235 465 1290 tore
484 1225 599 1290 verius
619 1228 769 1310 expressi
789 1227 873 1311 sint,
906 1248 1009 1310 quam
1034 1230 1232 1294 aSalitstio.
1277 1233 1343 1295 Sed
1370 1231 1437 1294 hoo
1452 1229 1524 1309 jam
1545 1232 1589 1292 ad
1610 1230 1791 1294 Catilinam

390 1331 730 1414 animadversuncsr,
749 1332 788 1394 in
808 1333 990 1397 hominum
1009 1334 1159 1420 ingeniis
1171 1343 1272 1416 atque
1283 1333 1696 1398 moribus‘adumbrandis
1708 1353 1791 1419 pau-

393 1439 449 1498 cos
469 1435 651 1519 scriptores
669 1435 819 1498 salustio
837 1455 935 1520 pares
956 1457 1026 1502 esse
1038 1449 1071 1503 et
1081 1441 1259 1504 neminem
1268 1439 1341 1504 iere
1355 1459 1433 1503 eum
1444 1457 1628 1523 superasse.
1648 1439 1789 1504 Varium

391 1541 485 1604 enim
504 1541 682 1624 iugurthae
702 1539 899 1625 ingenium,
936 1551 1065 1625 quanto
1098 1565 1175 1608 cum
1202 1544 1360 1609 acumine
1390 1543 1554 1630 explicuit
1585 1550 1620 1608 et
1647 1542 1685 1605 in
1715 1561 1791 1608 om-

391 1644 489 1706 nium
535 1645 634 1725 quasi
679 1645 790 1706 oculis
827 1654 930 1726 atque
976 1657 1159 1730 conspectu
1194 1650 1334 1734 posuit?
1417 1651 1611 1729 Eademque
1650 1647 1791 1712 solertia

390 1747 428 1812 in
450 1747 574 1812 Bocchi
593 1749 822 1826 fraududcntis
842 1749 996 1814 consiliis
1016 1749 1231 1815 illustrandis
1250 1758 1412 1820 versatur.
1462 1755 1529 1816 Sed
1548 1760 1586 1813 ut
1607 1769 1648 1815 eo
1668 1753 1790 1816 redea-

391 1873 485 1938 mus,
510 1855 603 1917 unda
624 1853 776 1937 prolecta
797 1863 846 1918 est
867 1864 983 1918 nostra
1002 1856 1131 1940 oratio,
1160 1856 1198 1919 id
1218 1856 1372 1921 dubitari
1392 1874 1463 1921 nou
1483 1862 1610 1941 potest,
1636 1852 1787 1939 partium

268 2045 272 2054 ι
390 1957 542 2024 studium
553 1960 597 2021 ad
618 1961 906 2042 corrumpendum
926 1959 1065 2022 Salustii
1080 1961 1252 2038 iudicium
1274 1961 1364 2024 nihil
1384 1961 1542 2025 valuisse.
1561 1961 1627 2022 Sed
1639 1978 1711 2024 non
1725 1959 1789 2024 mi.

389 2083 454 2128 nus
481 2064 655 2126 laudanda
676 2063 780 2126 totius
799 2061 915 2148 operis
935 2062 1045 2127 forma
1066 2071 1167 2146 atque
1188 2065 1425 2130 conformatio.
1473 2069 1576 2152 Quod
1596 2067 1689 2130 enim
1709 2083 1789 2149 per·.

387 2171 500 2252 petuas
519 2173 636 2232 rerum
653 2167 806 2232 historiae
827 2168 1051 2251 scriptoribus
1071 2169 1193 2252 sepius
1213 2170 1367 2235 accidere
1393 2171 1495 2255 solet,
1526 2179 1564 2234 ut
1584 2171 1691 2233 multa
1711 2185 1790 2234 ora·

387 2271 478 2336 tioni
498 2271 667 2355 intonant,
687 2291 763 2354 quar
785 2277 844 2335 aut
864 2272 1035 2336 levissima
1055 2281 1148 2358 sunt,
1178 2271 1228 2337 ita
1248 2281 1288 2337 ut
1305 2275 1504 2360 legentibus*
1517 2273 1694 2338 fastidium
1716 2289 1789 2336 cre·

389 2383 465 2462 ent,
492 2385 550 2438 aut
571 2397 591 2438 a
609 2377 773 2461 consilio,
811 2379 905 2458 qood
931 2385 1139 2460 sequuntur,
1156 2377 1284 2463 aliena,
1335 2381 1402 2443 hoe
1428 2398 1473 2444 ne
1498 2377 1567 2443 sibi
1594 2379 1681 2442 vitio
1700 2376 1788 2441 verti

387 2479 507 2565 possit,
538 2481 724 2566 diligenter
749 2489 842 2545 caret
861 2482 1043 2559 Salustium
1084 2483 1213 2567 quippe
1239 2483 1301 2565 qui
1321 2504 1393 2548 non
1413 2484 1523 2548 solum
1541 2503 1614 2547 rem
1632 2480 1789 2569 gravissi·

387 2603 478 2647 mam
495 2584 711 2647 scribendam
732 2587 931 2668 susceperit,
952 2589 1011 2650 sed
1032 2587 1135 2651 etiam
1155 2589 1193 2650 in
1215 2608 1255 2653 ea
1272 2589 1472 2672 explicanda
1492 2599 1594 2670 atque
1613 2587 1788 2650 illustran-

387 2687 433 2750 dd
453 2693 547 2750 tanta
567 2698 644 2748 cum
664 2691 736 2749 arte
757 2697 908 2750 versatus
927 2690 986 2771 sit,
1012 2698 1050 2750 ut
1072 2691 1123 2751 nil
1142 2692 1251 2772 possit
1270 2709 1342 2757 esse
1361 2713 1473 2777 supra.
1513 2693 1609 2756 Nihil
1629 2690 1719 2755 enim
1741 2689 1785 2750 ab

386 2807 430 2858 eo
449 2791 693 2874 scriptumest,
720 2789 869 2872 quin-ad
890 2807 977 2874 rem,
1006 2809 1109 2872 quam
1129 2794 1197 2854 sibi
1215 2794 1454 2858 illustrandam
1476 2795 1669 2880 proposuit,
1691 2811 1787 2876 speo-

386 2901 481 2959 taret.
492 2895 603 2978 Ipsius
612 2895 697 2957 belli
706 2895 929 2978 atrocitatem,
938 2896 1064 2958 callida
1074 2899 1250 2982 Jugurthae
1259 2900 1403 2963 consilia
1413 2909 1445 2964 et
1455 2893 1788 2984 magnamindustri.

387 3019 453 3083 am,
476 2997 668 3063 nobilitatis
678 2999 866 3085 avaritiam,
882 3001 1513 3087 superbiametpravam'ambitionem,
1525 3003 1679 3067 virorum
1690 3002 1787 3087 prin.

388 3101 503 3187 cipum
515 3103 656 3166 virtutes
664 3112 697 3167 et
708 3103 809 3188 vitia,
830 3107 916 3189 haec,
938 3107 1058 3170 ceteris
1071 3109 1219 3192 omissis,
1238 3109 1440 3171 illustranda
1451 3127 1522 3172 esse
1534 3109 1674 3171 censuit.
1696 3109 1788 3192 Quas

386 3207 526 3288 quidem
560 3209 604 3268 ad
637 3227 691 3269 res
725 3217 763 3270 ut
797 3209 949 3294 legentes
982 3213 1092 3275 acrius
1122 3214 1255 3277 animos
1285 3214 1519 3296 intenderent,
1556 3224 1590 3278 et
1620 3215 1787 3282 orationis

384 3313 538 3373 ubertate
551 3318 584 3372 et
595 3311 779 3374 verborum
790 3313 931 3396 aculeis,
951 3317 1196 3378 sententiarum
1210 3319 1427 3382 acerbitatem
1444 3327 1477 3381 et
1489 3321 1666 3381 nervosam
1678 3320 1787 3406 illam,

386 3435 454 3496 qua
472 3415 624 3498 excellit,
650 3417 849 3499 gravitatem
871 3419 1082 3501 temperavit.
1109 3424 1194 3483 Nam
1206 3441 1373 3486 summam
1388 3423 1487 3484 illam
1501 3423 1640 3488 dicendi
1653 3427 1724 3488 vim
1736 3437 1787 3490 at·

385 3537 453 3602 que
480 3518 735 3580 contentionem
763 3539 833 3606 non
853 3521 891 3582 in
912 3523 1096 3608 brevitate,
1125 3549 1226 3608 quam
1249 3528 1451 3612 interpretes
1467 3529 1613 3613 iactant,
1645 3531 1704 3594 sed
1726 3549 1787 3614 po·

384 3623 453 3688 tius
473 3622 511 3686 in
527 3620 651 3702 judicii
673 3621 840 3706 acumine,
865 3633 942 3704 apta
969 3629 1149 3688 verborum
1178 3630 1346 3693 electione
1366 3641 1399 3696 et
1419 3633 1617 3716 incorrupta
1637 3637 1786 3716 quadarn

381 3727 497 3792 latini
510 3725 677 3794 sermonis
696 3726 892 3812 integritate
913 3749 984 3794 esse
1003 3731 1160 3816 positam,
1181 3733 1218 3797 in
1229 3737 1616 3820 commentariis'saepius
1628 3738 1787 3802 animam

375 3839 516 3896 'versum
546 3842 605 3897 est.
645 3834 713 3897 sed
729 3833 911 3897 consilium
932 3835 1086 3922 Salustii,
1116 3847 1247 3902 tantum
1270 3859 1324 3903 res
1343 3841 1558 3924 gravissimas
1578 3841 1786 3922 illustrandi,

373 3949 460 4003 'cum
483 3955 523 4000 ex
541 3937 619 4000 aliis
639 3939 758 4021 rebus,
789 3946 859 4000 tum
880 3939 963 4003 inde
983 3941 1131 4005 maxime
1147 3944 1367 4027 perspicitur,
1399 3948 1492 4026 quod
1513 3955 1666 4028 tempora
1684 3967 1786 4011 accas-

376 4039 490 4106 ‘ratius
511 4040 704 4106 describere
727 4043 853 4105 omisit.
893 4043 981 4106 Satis
1002 4047 1095 4109 enim
1115 4047 1253 4132 hahuit,
1280 4049 1391 4132 ipsum
1411 4066 1525 4112 rerum
1549 4051 1706 4116 ordinem
1728 4073 1787 4117 ex-

382 4167 529 4232 ponere,
556 4147 616 4209 scd
636 4165 706 4226 quo
726 4147 880 4228 quidque
898 4168 989 4211 anno
1012 4161 1144 4234 gestum
1164 4151 1221 4234 sit,
1250 4170 1408 4216 enarrare
1427 4171 1447 4214 a
1465 4155 1611 4218 consilio
1631 4157 1786 4220 alienum

380 4252 487 4315 duxit.
529 4253 703 4336 Quantum
726 4259 840 4315 autem
859 4253 904 4316 sit
923 4252 1106 4320 artificium
1127 4256 1268 4320 dicendi
1288 4253 1448 4341 inprimis
1468 4258 1602 4324 ordinis
1622 4267 1785 4326 etrcrum
