4106 4974
387 415 461 508 att

391 615 448 680 cit.
471 603 874 697 quiclveosVen.1.clr.
894 605 1002 668 Thuc.
1021 628 1046 668 1.
1058 607 1107 669 50.
1126 604 1187 687 qui
1209 611 1242 670 et
1263 605 1335 690 ipse
1355 600 1455 690 cuias
1476 603 1562 670 dixit
1576 625 1639 692 pro
1655 607 1797 672 navium

392 720 531 798 car-inin
569 721 613 781 ad
644 735 745 800 quem
772 713 886 776 locunt
930 713 1043 776 Schol·
1069 708 1167 800 serias
1205 715 1298 781 nansi
1316 707 1357 786 lai
1384 709 1561 798 κοιλᾶμαἹα
1583 711 1638 784 tte
1659 709 1747 788 rias,
1775 709 1800 784 si

393 829 473 913 ἧμιῒς
504 821 650 920 wilpere
679 821 844 903 antean.
867 814 974 902 copia
1000 827 1091 886 erat.
1102 813 1188 908 suit
1208 819 1302 882 Eich.
1323 838 1429 899 quare
1454 817 1586 902 nescio,
1617 837 1662 880 an
1690 819 1797 884 alicui

392 933 535 998 verbum
561 927 675 992 dubiae
694 924 777 988 fidei
803 923 970 986 videatur.
1008 923 1153 1012 ignora.
1193 923 1217 985 i.
1240 943 1270 987 e.
1295 923 1424 1009 ignota.
1449 922 1506 986 cir.
1529 924 1617 986 Geli.
1635 945 1665 1004 9.
1684 939 1737 1005 ης
1759 923 1796 988 id

393 1041 488 1122 quod
503 1035 622 1098 Tacito
636 1029 914 1108 usitatissimum
935 1027 995 1096 cir.
1016 1031 1103 1090 Ann.
1121 1046 1157 1112 a,
1179 1033 1226 1092 13.
1246 1037 1279 1092 et
1298 1033 1333 1113 ³,
1351 1033 1404 1109 693
1432 1030 1608 1094 Gaetulos
1622 1025 1798 1095 miscuere

394 1144 490 1207 Eich.
508 1160 629 1204 seeum
649 1135 786 1202 omisso.
825 1156 863 1197 se
879 1130 1044 1198 Gaetulis
1064 1130 1241 1198 miscuere
1259 1135 1351 1198 Med.
1372 1155 1416 1198 ιι.
1438 1135 1543 1199 ceteri
1574 1134 1657 1197 libri
1683 1135 1797 1200 Italici

393 1247 485 1312 nihil
504 1245 649 1310 variant.
671 1261 797 1326 neque,
818 1260 906 1322 quae
920 1237 1072 1302 laudavit
1090 1239 1224 1303 (lortius
1239 1239 1315 1304 loca
1331 1240 1568 1304 auctoritatem
1583 1239 1742 1304 lectionis
1755 1242 1798 1304 ab

394 1372 436 1420 eo
450 1350 646 1437 propositae
659 1346 879 1425 confirmant,
901 1352 990 1408 recte
1007 1343 1148 1426 quidem
1163 1346 1254 1428 apud
1269 1343 1343 1408 Liv.
1363 1366 1410 1406 ar.
1430 1367 1459 1426 7.
1485 1341 1664 1434 mixtique
1688 1342 1798 1412 etiam

394 1449 441 1530 ab
468 1457 594 1524 Ardea
621 1454 847 1520 Rutulorum
877 1447 1023 1534 quidam
1042 1450 1186 1538 generis
1213 1449 1312 1515 nullo
1338 1449 1546 1535 pronomine
1576 1450 1710 1534 addito,
1738 1453 1798 1514 sed

397 1564 515 1630 Cicero
535 1566 578 1626 de
599 1561 675 1625 Div.
701 1563 729 1622 ι’.
750 1561 800 1622 3ο.
841 1577 921 1622 cum
950 1563 1070 1618 matre
1097 1574 1231 1637 corpus
1263 1552 1429 1640 miscere,
1461 1563 1494 1620 et
1514 1555 1616 1619 Orid.
1638 1558 1718 1620 Met.
1745 1561 1801 1640 ss,

398 1671 473 1750 8673
506 1664 560 1732 sic
579 1686 617 1730 se
634 1659 704 1728 tibi
722 1658 884 1726 misceat.
906 1666 939 1723 et
959 1659 1096 1722 Liviani
1122 1658 1192 1723 loci
1209 1660 1379 1725 diversam
1400 1679 1471 1726 esse
1494 1661 1663 1726 rationem
1686 1660 1801 1726 nemi·

398 1795 478 1840 nem
498 1773 598 1859 fugit.
627 1773 724 1854 Ipsae
743 1766 910 1832 lectiones
933 1763 1120 1849 variantes,
1138 1785 1176 1828 se
1195 1763 1362 1830 Gaetulis
1372 1765 1522 1830 miscere
1538 1775 1572 1829 ct
1586 1763 1655 1830 sibi
1663 1767 1801 1829 Gaetu-

399 1883 456 1947 los
485 1876 661 1942 miscuere
695 1872 893 1938 testimonio
927 1879 1022 1954 sunt,
1055 1871 1093 1934 in
1127 1871 1289 1936 omnibus
1321 1870 1422 1935 libris
1456 1889 1645 1956 pronomen
1676 1868 1802 1948 luisses

398 2004 505 2068 quare
533 1985 600 2046 hoc
632 1979 853 2046 retinendum
882 1995 953 2040 esse
984 1995 1119 2060 censeo,
1149 1996 1227 2038 cum
1251 1975 1398 2040 maxime
1422 1977 1479 2042 vel
1505 1978 1590 2042 haec
1616 1976 1801 2040 verborum

399 2100 568 2156 structura
587 2087 668 2152 satis
691 2085 734 2148 sit
762 2082 913 2148 insolita.
943 2088 1163 2164 temptantes
1183 2081 1206 2144 i.
1231 2100 1260 2146 e.
1286 2099 1406 2146 eorum
1438 2089 1597 2146 naturam
1620 2080 1801 2164 exploran-

401 2204 464 2280 tes,
485 2194 515 2258 si
534 2193 658 2258 melius
677 2189 845 2275 pabulum
867 2186 1090 2250 inveniretur.
1112 2182 1304 2255 Numidas.
1344 2182 1434 2285 stapel
1449 2188 1504 2262 ‘liis
1521 2185 1619 2274 ripun
1639 2187 1662 2250 i.
1681 2206 1708 2250 e.
1726 2205 1803 2271 pas-

400 2300 473 2364 cuis
493 2299 615 2384 populi
636 2315 762 2360 nomen
784 2291 1008 2358 derivandum
1029 2313 1099 2356 esse
1116 2293 1233 2364 statuit
1252 2291 1429 2356 Salustius.
1484 2293 1551 2356 Sed
1571 2293 1720 2358 ridicule
1733 2292 1804 2378 agit
1826 2359 1834 2370 ,

400 2407 439 2474 in
473 2406 574 2486 hujus
599 2403 752 2468 nominis
778 2399 922 2464 veritate
955 2397 1181 2479 inquirendas
1213 2419 1347 2465 necesse
1377 2400 1589 2485 enituerat,
1618 2411 1657 2465 ut
1683 2405 1803 2467 Persae

401 2513 479 2592 isti,
499 2531 585 2591 quos
606 2510 707 2591 dicit,
735 2509 863 2570 Graece
876 2506 1116 2586 loquerentur;
1148 2505 1178 2571 si
1199 2525 1238 2572 ea
1259 2507 1302 2572 de
1323 2527 1440 2592 eausa,
1465 2508 1560 2590 quod
1578 2508 1712 2592 saepius
1727 2507 1804 2572 loca

403 2615 596 2694 mutabant,
623 2611 850 2673 Numidarum
872 2629 1000 2675 nomen
1025 2611 1093 2672 sibi
1126 2611 1370 2696 imposuerant.
1415 2611 1596 2698 Mapalia.
1636 2613 1695 2677 cle.
1716 2615 1803 2678 Fest.

402 2715 575 2801 ,Mapalia
596 2732 692 2778 casae
706 2713 874 2778 Poenicae
901 2713 1135 2797 appellantur,
1163 2717 1200 2778 in
1222 2719 1365 2804 quibus,
1391 2719 1474 2803 quia
1491 2720 1580 2784 nihil
1601 2727 1648 2784 est
1663 2718 1803 2801 secreti,

402 2824 490 2892 solet
508 2824 546 2887 id
560 2821 764 2886 vocabulum
780 2819 891 2884 solute
907 2819 1103 2884 viventibus
1124 2819 1261 2902 objici.»
1281 2826 1364 2890 Cato
1387 2826 1480 2892 libro
1491 2829 1545 2910 lv.
1560 2825 1695 2912 Origiu.
1709 2843 1805 2900 «mu

402 2931 496 3020 palia
517 2937 698 3012 vocantur,
728 2926 791 2990 ubi
820 2926 988 2990 habitant.
1022 2947 1062 2992 ea
1086 2928 1184 3009 quasi
1213 2931 1370 2995 cohortes
1397 2934 1563 2998 rotundae
1591 2940 1702 2996 sunt.»
1744 2932 1804 2996 sed

401 3041 494 3104 Serv.
515 3041 557 3102 ad
573 3041 656 3101 Aen.
675 3057 701 3098 ι.
718 3051 788 3111 4²¹·
811 3035 977 3097 Catonern
1001 3031 1165 3121 magalia
1183 3035 1355 3120 scripsisse
1370 3036 1518 3124 judicat,
1538 3046 1572 3105 et
1599 3038 1672 3122 ipse
1687 3035 1804 3123 Virgi-

402 3145 626 3228 liusmagalia
641 3143 743 3219 dinit3
765 3140 860 3222 cujus
881 3139 1056 3222 scriptura
1072 3141 1255 3205 auctoritas
1271 3163 1312 3206 eo
1324 3141 1498 3230 firmatur,
1516 3145 1713 3228 quodserr.
1729 3141 1806 3206 ani·

404 3248 602 3330 madvertit,
636 3242 799 3332 magalia
828 3265 899 3308 esse
929 3246 1184 3324 antistoechon3
1215 3248 1373 3314 debuisse
1398 3249 1492 3314 enim
1518 3249 1687 3339 magaria
1717 3246 1804 3332 dici,

403 3353 485 3432 quia
517 3373 662 3439 magor,
690 3369 762 3411 non
791 3348 920 3436 magui
950 3351 1145 3412 Poenorum
1175 3350 1297 3438 lingua
1321 3354 1440 3420 villam
1471 3355 1648 3442 significet.
1694 3354 1805 3418 Etiam

405 3456 539 3518 Cornel.
551 3459 663 3534 Nepos
684 3454 721 3514 in
746 3453 838 3514 libro
857 3453 915 3531 qui
941 3450 1254 3520 vitoeIllustrium
1276 3455 1501 3546 inscribitur,
1522 3462 1615 3526 testis
1631 3469 1696 3535 cst,
1714 3459 1805 3524 inte·

405 3556 533 3621 riorem
554 3555 772 3638 Carthaginis
795 3554 892 3614 urbis
918 3565 1049 3638 partem
1069 3561 1231 3644 Byrsam,
1258 3565 1462 3630 exteriorem
1485 3565 1649 3654 magelin
1675 3564 1805 3628 dictum

401 3664 515 3730 luisse.
538 3660 597 3725 cir.
622 3660 715 3724 Serv.
735 3660 778 3721 ad
794 3658 877 3722 Aen.
897 3680 923 3719 1.
947 3661 1017 3738 372.
1039 3662 1097 3724 sed
1125 3669 1217 3726 recte
1237 3662 1339 3729 idem.
1358 3671 1504 3736 adsien.
1522 3686 1553 3748 4.
1573 3673 1652 3752 ²593
1668 3687 1807 3756 ,mage-

403 3771 470 3852 lia,
496 3768 656 3832 Afrorum
682 3784 791 3847 cusas,
819 3773 853 3829 et
886 3763 1035 3848 mapalia
1063 3765 1155 3831 idem
1172 3769 1382 3860 significant,
1396 3779 1457 3841 sed
1471 3778 1634 3865 magalia
1652 3795 1707 3841 ma
1725 3794 1806 3860 pro·

403 3873 512 3954 ducit,
532 3867 694 3954 mapalia
710 3889 793 3937 vero
812 3869 963 3954 corripit,
979 3881 1017 3934 ut
1027 3876 1045 3934 3
1057 3873 1181 3960 Georg.
1198 3880 1271 3952 340.
1291 3885 1327 3942 et
1341 3877 1450 3946 varia's
1461 3879 1631 3945 habitata
1642 3875 1805 3965 mapalia

403 3973 543 4044 tectu.»
568 3985 716 4038 ceterum
741 3975 915 4038 neminem
941 3974 1046 4061 fugit,
1066 3999 1170 4060 quam
1194 3981 1371 4047 infirmum
1396 3985 1441 4049 sit
1469 3987 1536 4050 hoc
1549 3995 1806 4071 argumentum,

401 4084 445 4148 ab
466 4080 682 4169 tuguriorum
698 4077 811 4142 forma
830 4079 995 4161 petitum;
1021 4084 1174 4147 omnium
1196 4085 1290 4150 enim
1311 4107 1464 4154 casarum
1481 4092 1667 4176 agrestium
1684 4092 1806 4156 eadem

401 4189 474 4260 lere
489 4190 602 4260 [orma
623 4204 694 4254 esse
714 4182 868 4266 ridetur,
889 4183 950 4252 etr.
970 4187 1162 4256 Columella
1175 4207 1223 4256 to.
1236 4193 1293 4272 rt,
1311 4193 1403 4260 Gurt-
1420 4216 1451 4280 7.
1459 4199 1539 4280 &93
1555 4191 1730 4265 Armenia
1743 4215 1809 4262 ac·
