4106 4974
398 397 469 491 124

396 593 537 660 Sullam
544 582 678 672 fus'sse.
713 583 860 657 incenso
885 583 1090 678 Capitolio.
1125 587 1185 656 666.
1212 591 1354 654 uetant
1387 591 1417 652 3.
1437 609 1484 671 69.
1505 589 1582 652 1166
1594 587 1797 656 incendium

396 697 525 760 6666666
540 695 701 780 Scipione
719 703 753 760 et
770 697 932 762 Norbano
950 700 1041 762 Coss.
1060 697 1099 766 Α.
1117 699 1158 764 V.
1176 699 1250 777 696.
1270 693 1331 762 666.
1348 693 1498 793 Plinii.
1515 697 1555 758 N.
1570 698 1600 758 3.
1620 700 1667 758 63.
1688 696 1798 764 Τ6666.

396 801 526 866 Histor.
539 805 569 864 3.
586 804 637 881 7³·
658 795 906 866 11666666666666
917 803 1089 868 dedicavit
1116 801 1255 866 Catulus
1272 801 1310 864 A.
1330 802 1372 864 U.
1390 794 1571 880 676ΓΡ1666.
1592 821 1640 880 69.
1659 822 1687 862 6.
1710 804 1813 874 hos

396 913 482 980 tant.
500 908 544 970 dc
557 893 612 970 'irc
627 907 670 974 D.
689 926 762 991 669.
783 923 833 976 66.
849 904 1042 996 prodigiis.
1067 906 1211 972 cincio.
1228 906 1322 974 Orat.
1347 905 1387 968 iu
1405 905 1475 968 Cat.
1492 907 1522 968 3.
1541 905 1570 966 8.
1590 913 1797 994 cruentum.

395 1011 516 1092 Vellej.
532 1027 561 1072 6.
581 1013 631 1074 66.
651 1005 748 1074 acies
767 1008 990 1078 Pharsalico
1017 1019 1053 1078 66
1072 1009 1135 1076 illc
1162 1004 1437 1076 cruentissimus
1462 1009 1632 1076 Romano
1654 1007 1800 1078 noms'ns'

393 1113 480 1192 dies.
501 1112 672 1180 abdicato
693 1111 929 1204 magistratu.
942 1153 985 1170 -
996 1115 1189 1182 abdicatus
1200 1115 1296 1180 Eich.
1315 1137 1342 1180 s.
1357 1130 1387 1178 2.
1407 1113 1498 1178 Flos.
1515 1117 1544 1184 6.
1565 1117 1748 1186 16661663.
1764 1118 1794 1187 6.

395 1220 547 1286 Vatini.
562 1242 590 1282 6.
606 1223 635 1285 6.
661 1221 747 1284 Min.
759 1239 789 1286 a.
808 1223 893 1288 Vsu.
911 1226 944 1286 3.
957 1238 988 1300 4.
1016 1224 1107 1286 Med.
1122 1239 1151 1287 n.
1169 1227 1199 1286 3.
1212 1224 1240 1290 6.
1253 1225 1283 1296 6.
1298 1244 1329 1303 9.
1355 1217 1550 1287 abdicatus
1564 1243 1600 1286 a.
1633 1223 1725 1286 Med.
1745 1239 1794 1284 ns.

393 1327 519 1392 Vent.
530 1342 559 1388 s.
580 1326 809 1390 Barb.1.Bon.
824 1328 898 1393 Vct.
915 1329 945 1400 5.
956 1343 987 1404 4.
1002 1346 1031 1392 n.
1050 1327 1207 1411 Accedit,
1226 1329 1321 1410 quod
1332 1326 1468 1392 Curtius
1483 1327 1620 1414 negavit
1631 1326 1795 1390 latinum

395 1449 467 1495 6666
484 1425 658 1495 abdicare
674 1426 935 1518 magistratum
966 1435 1026 1498 sed
1044 1431 1165 1496 Livius
1181 1441 1271 1498 66666
1285 1433 1334 1496 666
1351 1433 1486 1500 locutus
1503 1439 1563 1497 est.
1583 1431 1644 1496 cfr.
1657 1449 1686 1493 2.
1699 1433 1791 1512 2836.

395 1536 456 1614 669
477 1536 506 1600 6.
520 1549 583 1614 49;
600 1537 629 1596 6.
640 1538 692 1614 39.
709 1534 780 1598 nisi
796 1535 875 1618 quis
892 1536 996 1600 etiam
1013 1537 1086 1602 haec
1103 1537 1181 1602 locs
1191 1537 1398 1604 emendabit.
1417 1542 1535 1619 Neque
1543 1538 1610 1602 hoc
1627 1557 1705 1602 casu
1720 1535 1794 1600 666-

396 1647 473 1702 tum
498 1638 713 1724 putaverim,
732 1643 828 1722 quod
846 1641 970 1725 optimi
988 1641 1074 1706 libri
1092 1643 1181 1708 hanc
1196 1643 1381 1708 lectionem
1398 1643 1563 1724 retinent3
1582 1647 1641 1708 sed
1662 1654 1795 1710 cetero·

393 1763 473 1808 num
489 1743 637 1808 66666666
654 1744 693 1806 in
712 1745 966 1812 constructione
983 1746 1126 1812 insolite
1143 1767 1199 1812 me
1221 1747 1364 1832 quidem
1385 1746 1513 1812 mirum
1531 1767 1600 1812 non
1620 1749 1734 1812 habet.
1749 1785 1795 1806 .-

394 1889 412 1925 s
428 1857 570 1914 coactus
583 1857 699 1915 autem
715 1857 765 1914 666
779 1850 945 1916 Lentulus
961 1851 1162 1938 magistratu
1180 1872 1216 1918 66
1233 1852 1407 1940 6616666666,
1425 1862 1465 1918 ut
1479 1861 1632 1919 66666666
1649 1853 1795 1942 religio-

358 1981 362 1992 .
395 1973 443 2019 nc
458 1954 632 2038 liberaret,
653 1952 714 2028 666.
726 1955 792 2018 Cic.
810 1953 850 2020 in
865 1956 961 2020 catil.
977 1961 1007 2022 3.
1024 1961 1053 2025 6.
1074 1959 1158 2041 quia
1175 1958 1271 2024 nefas
1287 1967 1358 2024 erat
1372 1941 1607 2044 mogistrnturn
1628 1958 1793 2038 majorem

394 2059 537 2126 violare.
555 2059 575 2093 ''
616 2053 846 2128 6661666666
865 2059 1052 2128 custodiis.
1073 2063 1222 2132 cfr.ch
1236 2062 1443 2129 6166666163.
1480 2061 1687 2150 insigniores
1704 2063 1794 2151 vini,

393 2185 472 2230 curn
493 2163 649 2229 criminis
667 2166 814 2249 suspecti
841 2175 957 2250 erent,
976 2167 1016 2232 in
1040 2169 1202 2234 domibus
1229 2168 1488 2256 magistratuum
1511 2187 1572 2234 seu
1594 2175 1793 2236 senatorum

394 2271 693 2356 custodiebantur,
709 2291 813 2354 quarn
831 2273 920 2338 bene
938 2273 1008 2338 Dio
1029 2280 1116 2340 cess.
1135 2276 1184 2340 611.
1195 2279 1223 2338 3.
1236 2268 1365 2361 mnas
1383 2271 1696 2360 966666669961166.
1730 2275 1792 2342 6666

391 2359 728 2448 Β6666666.66’1“6666.
751 2379 781 2442 6.
801 2379 871 2458 669.
889 2379 949 2441 166.
967 2379 1073 2444 Paris.
1092 2381 1180 2445 6663.
1193 2387 1227 2445 66
1243 2380 1334 2466 1696.
1350 2382 1395 2445 sd
1415 2379 1523 2446 Tacit.
1545 2383 1667 2449 Annas
1691 2403 1738 2464 ¹7·
1758 2387 1791 2447 3.

390 2481 435 2548 Ρ.
456 2469 615 2546 Lentulo
636 2478 833 2564 Spintheri.
860 2502 902 2548 co
919 2503 1011 2550 anuo
1030 2484 1142 2550 aditis
1161 2485 1290 2552 curulis
1311 2495 1391 2552 6666.
1422 2485 1511 2552 Ptin.
1528 2508 1557 2567 9.
1568 2491 1620 2567 39.
1650 2485 1712 2553 616.
1724 2487 1791 2554 cic.

392 2585 437 2648 dc
452 2578 520 2646 Off.
542 2603 573 2652 6.
593 2589 642 2650 66.
673 2587 793 2652 consul
809 2609 886 2652 cum
903 2589 945 2673 Q.
961 2589 1102 2654 Metello
1120 2595 1251 2676 Nepote
1271 2593 1311 2660 A.
1333 2594 1375 2656 U.
1393 2595 1463 2674 697.
1500 2593 1543 2656 de
1558 2591 1719 2658 Cicerone
1734 2613 1794 2659 re·

391 2691 546 2756 vocatnlo
564 2692 610 2757 sd
633 2700 787 2756 senatum
809 2692 925 2762 refert.
949 2692 1009 2756 cfr.
1023 2694 1118 2768 0666.
1137 2699 1181 2760 66
1200 2696 1297 2782 Quis.
1312 2706 1399 2782 9666.
1420 2700 1491 2764 666.
1508 2700 1536 2764 6.
1554 2701 1583 2760 6.
1603 2704 1638 2763 66
1656 2691 1699 2762 666
1717 2717 1791 2766 sen.

389 2803 467 2881 post
489 2796 588 2864 66666.
607 2801 637 2862 3.
651 2813 705 2880 49.
724 2819 790 2886 966
807 2798 922 2865 Sextio
945 2802 996 2881 69.
1010 2803 1102 2876 Brut,
1121 2821 1171 2883 77.
1185 2802 1373 2866 Proconsul
1398 2802 1528 2868 cilicis
1546 2801 1792 2904 Ptolemaeum,

388 2921 504 2988 regern
514 2904 663 2991 Aegypti
674 2906 923 2992 expulsum,in
933 2927 1077 2994 regnum
1094 2911 1257 2976 reducere
1274 2906 1414 2995 cupivit.
1430 2908 1489 2974 cir.
1502 2909 1569 2974 Cic.
1580 2911 1640 2994 Ep.
1653 2911 1699 2976 ad
1709 2908 1791 2980 niv.

392 3008 419 3070 6.
435 3029 522 3090 6-9.
546 3010 591 3094 Q.
613 3007 835 3105 Cornificio.
860 3011 891 3076 is
906 3013 1078 3080 Ciceronis
1097 3015 1136 3080 in
1153 3016 1332 3081 consulatu
1346 3017 1560 3104 competitor.
1576 3018 1697 3080 666666.
1709 3017 1789 3102 Arg.

390 3111 486 3178 Orat.
501 3114 538 3176 in
556 3116 651 3200 Toga
667 3119 771 3182 Csnd.
785 3142 820 3205 p.
839 3124 908 3197 663.
929 3119 1217 3208 6661696666.
1238 3143 1266 3188 ι.
1288 3144 1314 3192 6.
1334 3145 1381 3190 66.
1406 3121 1574 3188 Asconius
1586 3142 1668 3189 cunt
1679 3121 1790 3191 sobri-

387 3235 450 3280 um
467 3225 688 3299 sanctumque
707 3222 837 3306 virum,
861 3226 927 3288 cic.
941 3227 1014 3292 Act.
1034 3249 1063 3300 6.
1083 3228 1122 3290 in
1137 3230 1234 3302 11666.
1261 3248 1308 3306 so,
1321 3227 1475 3307 judicem
1489 3227 1715 3317 justissimum
1734 3227 1789 3292 di·

389 3321 445 3386 cit.
472 3323 573 3387 61666
589 3320 742 3389 diversus
756 3334 948 3410 propraetor
975 3326 1119 3414 6666666,
1151 3333 1195 3394 66
1212 3349 1315 3412 quem
1341 3331 1457 3416 plures
1480 3333 1641 3419 epistolas
1656 3331 1788 3398 ·ciccro

388 3426 494 3488 misit·
511 3428 570 3492 cfr·
588 3429 648 3510 Ep.
661 3431 704 3492 ad
719 3431 795 3493 Div-
811 3448 861 3495 22·
878 3448 1009 3514 17-24.
1025 3433 1090 3502 Cn.
1115 3437 1149 3500 T
1146 3431 1300 3506 erents'o.
1307 3435 1401 3524 ejus,
1414 3449 1581 3521 quantum
1601 3438 1689 3524 scio,
1700 3437 1789 3502 olibi

388 3529 486 3596 nullo
505 3529 543 3592 fit
562 3529 705 3597 mentio.
727 3533 825 3617 Fuit,
844 3555 949 3614 quem
961 3537 1087 3598 66666666
1100 3535 1263 3623 haberet,
1281 3547 1375 3623 quod
1388 3545 1554 3610 Salustius
1568 3565 1641 3610 uon
1650 3563 1691 3610 66
1704 3563 1788 3608 nst·

386 3635 523 3721 reverit,
542 3655 618 3718 quae
636 3633 675 3698 in
686 3636 854 3702 honorem
873 3638 1046 3704 ciceronis
1064 3645 1199 3728 decretu
1215 3654 1312 3732 sunt,
1332 3647 1462 3715 scilicet
1481 3649 1524 3716 de
1534 3649 1788 3736 supplicatione

385 3741 561 3808 ciceronis
579 3742 722 3810 nomine
742 3742 811 3807 diis
831 3745 975 3814 6666666.
1007 3745 1067 3810 616.
1089 3746 1152 3812 cic.
1171 3749 1228 3818 Or.
1246 3751 1285 3816 in
1300 3753 1398 3825 Catil.
1425 3777 1453 3823 s.
1472 3758 1507 3836 ⁶3
1540 3758 1600 3820 sed
1623 3756 1697 3820 hec
1720 3754 1787 3818 mi-

387 3847 483 3910 noris
499 3851 665 3914 momenti
675 3850 824 3918 Salustio
834 3873 971 3936 ,rerum
979 3854 1148 3941 scriptori,
1155 3855 1382 3940 videbantur3
1396 3861 1588 3945 accedebat,
1599 3862 1695 3942 quod
1707 3859 1786 3944 plu·

385 3950 483 4018 rimis
507 3951 678 4018 Ciceronis
699 3965 798 4022 orstt.
835 3959 915 4022 66666
940 3978 1108 4044 superque
1126 3960 1297 4027 illustrata
1316 3973 1424 4037 erant.
1454 3966 1566 4029 Etiam
1592 3985 1668 4048 qun
1693 3965 1784 4030 Plut.

384 4057 455 4124 6666
476 4055 547 4120 Cic.
568 4076 639 4140 669.
659 4080 706 4138 69,
729 4072 860 4148 narrat,
880 4063 1035 4134 sabulosa
1054 4068 1274 4154 magisquem
1294 4069 1493 4156 credibilia,
1514 4070 1681 4138 66661666
1691 4069 1786 4140 Cios·

383 4183 502 4234 ronem
521 4163 772 4252 pertinuerunt.
