4116 4970
404 395 454 473 58

407 594 478 660 tur3
500 584 599 666 <nam
610 601 712 664 quem
726 582 842 644 laudat
855 579 1004 666 Langius
1014 579 1143 642 librum
1158 577 1456 660 Rostochienscm,
1477 578 1520 640 de
1534 595 1575 640 eo
1588 577 1800 642 Dahliusni-

405 688 458 751 hil
480 686 659 769 monuit);
686 689 746 750 sed
766 686 869 749 lectio
896 687 1031 750 doctior
1052 695 1117 769 est,
1151 703 1254 767 quam
1279 703 1355 765 quae
1376 683 1419 744 ab
1447 679 1590 744 librario
1613 682 1799 767 excogitari

405 812 513 876 posse·
529 792 708 858 videatur.
727 792 901 854 Accedunt
921 791 990 852 alia
1015 790 1153 852 Salustii
1173 790 1268 872 loca,
1288 787 1371 850 huic
1397 785 1594 860 simillima3
1616 786 1675 852 cfr.
1697 806 1798 870 supra

405 915 476 980 cap.
496 917 525 976 9.
556 895 646 958 infra
668 915 738 978 cap.
753 897 801 960 52.
821 893 897 956 sint
917 890 1167 958 misericordes
1189 888 1392 982 inferibus
1413 887 1548 954 aerari.
1569 891 1636 953 Cic.
1650 891 1688 952 in
1702 895 1797 957 Verr.

404 1001 431 1072 Ι,
456 1021 483 1061 ι.
505 1008 539 1064 et
555 997 593 1063 si
602 995 729 1087 fortes
739 993 897 1087 fueritis
916 993 954 1060 r'n
977 1018 1017 1061 eo
1040 1007 1101 1060 cte.
1134 995 1340 1069 Placenti.
1373 997 1539 1058 Glor.IlI.
1571 1017 1597 1056 ι.
1615 1018 1663 1076 ¹7·
1675 991 1798 1085 focile
1833 1061 1841 1070 ,

404 1111 458 1168 eat
478 1100 665 1185 imperium
688 1098 726 1164 in
748 1098 861 1164 bonis.
882 1100 957 1167 Liv.
973 1105 1022 1168 3ο.
1043 1105 1088 1163 ι6.
1116 1099 1270 1165 cenibil
1287 1122 1353 1165 nec
1373 1096 1555 1163 institutis
1570 1099 1703 1184 populi
1721 1103 1796 1168 Ro-

402 1204 518 1288 mani,
538 1227 604 1270 nec
624 1203 786 1270 moribus
807 1201 883 1266 suis
904 1200 1093 1294 indignum
1115 1201 1154 1267 ln
1177 1203 1222 1269 iis
1232 1200 1439 1293 facturum.
1463 1206 1543 1268 Care.
1564 1207 1598 1266 B.
1620 1207 1660 1267 G.
1682 1209 1726 1270 11.
1745 1211 1795 1270 3ι.

301 1317 303 1324 ’
400 1330 440 1374 ae
455 1313 509 1395 id,
531 1312 631 1392 quod
650 1308 688 1372 in
708 1303 854 1374 Nerviis
863 1303 1033 1395 fecisset,
1044 1303 1254 1396 facturum.
1268 1308 1391 1372 sustin.
1407 1328 1435 1368 1.
1456 1311 1484 1376 6.
1506 1317 1666 1392 nepotem
1680 1309 1719 1372 in
1733 1311 1796 1375 illo

402 1416 511 1500 magis
531 1434 635 1495 quarn
654 1414 819 1475 victorem
840 1412 920 1497 egit.
944 1415 1012 1480 8,6.
1034 1413 1194 1474 scelestus
1214 1411 1252 1474 in
1279 1421 1434 1493 utroque.
1455 1413 1621 1498 Quinctil,
1645 1417 1795 1478 Declam.

404 1541 451 1598 ¹9·
468 1523 496 1580 6.
519 1538 646 1582 novum
668 1517 784 1579 uxoris
804 1517 840 1578 in
849 1517 972 1578 marito
994 1517 1134 1578 crimen.
1144 1517 1203 1578 cfr.
1215 1518 1352 1580 Petrum
1365 1520 1547 1584 Burmann.
1567 1521 1611 1580 ad
1629 1520 1795 1603 Quinctil.

401 1624 551 1686 Dcclam.
573 1625 643 1688 XV.
669 1625 697 1688 6.
720 1631 753 1684 ct
779 1623 928 1684 Gronov.
958 1623 1002 1682 ad
1023 1622 1146 1683 Justin.
1174 1623 1425 1701 xxxv111.17.
1462 1642 1501 1684 ιιι
1522 1619 1624 1688 Ario.
1654 1625 1744 1692 Med.
1768 1647 1797 1686 ι.

401 1727 508 1790 Vatic.
530 1746 558 1789 a.
577 1731 606 1791 5.
634 1729 733 1789 Barb.
758 1748 786 1788 1.
806 1727 835 1797 5,
857 1728 916 1789 sed
943 1728 1108 1813 fluctuant
1137 1726 1243 1788 Codd.
1271 1725 1363 1788 iuter
1391 1734 1570 1807 utramque
1601 1727 1795 1793 lectionem.

400 1831 476 1892 Jam
498 1834 565 1894 hoc
585 1831 725 1911 quidem
747 1831 827 1892 satis
847 1838 999 1914 constat,
1019 1830 1247 1894 accusativum
1269 1839 1303 1893 et
1316 1829 1502 1893 ablativum
1516 1830 1554 1892 in
1575 1832 1796 1913 antiquoser-

401 1955 503 2024 moue
524 1936 646 2018 saepius
666 1935 769 1998 luisse
785 1944 949 2017 mutatos,
968 1937 1027 1998 sed
1051 1932 1088 1997 in
1102 1933 1231 1999 Asiam
1253 1934 1346 1996 idem
1367 1933 1559 2019 significare
1576 1939 1674 2015 quod
1694 1934 1797 2001 intra

398 2039 528 2107 Asiam
548 2040 606 2102 vix
626 2039 843 2103 crediderim.
874 2039 1106 2102 verisimilius
1125 2048 1198 2122 est,
1226 2034 1265 2102 in
1285 2035 1413 2105 Asiam
1433 2039 1655 2102 librariorum
1675 2039 1795 2104 inven-

398 2155 472 2218 tum
492 2163 578 2228 esse,
600 2144 661 2224 qui
682 2146 835 2208 ductare
855 2135 1073 2226 producere
1098 2142 1248 2226 positum
1278 2163 1349 2208 esse
1369 2152 1564 2208 statuerent.
1594 2145 1707 2226 Quare
1726 2143 1796 2208 leo-

399 2250 529 2315 tionem
549 2244 588 2310 in
608 2247 701 2314 Asia
723 2248 877 2332 praefero·

477 2356 646 2418 Ductore
665 2352 689 2414 i.
702 2374 732 2420 e.
749 2373 928 2435 praeesse,
949 2352 1073 2414 ducem
1095 2371 1186 2414 esses
1207 2354 1300 2435 apud
1314 2352 1473 2432 Plautum
1488 2359 1520 2415 et
1534 2351 1719 2416 Salustium
1733 2373 1796 2420 sae·

397 2457 476 2541 pius
495 2456 652 2521 occurrit.
675 2456 734 2519 cfr.
755 2456 848 2520 infra
868 2478 939 2540 cap.
958 2479 1004 2537 ¹7·
1027 2458 1169 2542 19.Jug.
1193 2477 1265 2542 cap.
1280 2477 1329 2538 70.
1360 2456 1526 2540 primaria
1544 2455 1795 2542 significatione

398 2562 478 2644 Jug.
500 2581 571 2644 cap.
587 2563 635 2622 36.
658 2561 717 2623 cir.
737 2561 843 2629 Tacit.
870 2562 957 2622 Hist.
972 2564 1014 2622 11.
1037 2583 1104 2622 roo.
1125 2571 1158 2623 et
1187 2565 1277 2644 apud
1308 2563 1468 2624 Plautum
1493 2561 1683 2624 innumeris
1709 2563 1794 2626 locis

397 2667 458 2728 aed
477 2665 681 2748 plerumque
700 2687 800 2735 sensu
820 2670 986 2731 obscoeno.
1006 2668 1057 2728 De
1077 2667 1141 2726 hac
1162 2665 1334 2728 locutione
1355 2666 1404 2728 ita
1424 2666 1588 2750 Quinctil.
1610 2667 1793 2730 lustnhe-

398 2779 461 2834 tor.
478 2771 508 2832 8.
522 2774 553 2844 3,
573 2811 590 2846 c
603 2770 657 2834 vel
679 2773 745 2834 hoc
764 2773 888 2834 vitium
909 2770 952 2833 sit
972 2771 1067 2850 quod
1088 2765 1250 2852 cuniculo
1268 2781 1425 2850 vocatum
1446 2771 1517 2834 sive
1538 2771 1629 2832 mala
1654 2789 1793 2836 consue·

399 2873 520 2938 tudine
531 2874 568 2936 in
591 2876 788 2940 obscoenum
809 2877 1023 2940 intellectum
1031 2895 1143 2939 sermo
1158 2879 1309 2939 detortus
1317 2885 1376 2961 est,
1395 2885 1434 2940 ut
1449 2871 1794 2940 duetoreeaeercitue

396 2989 430 3044 et
444 2990 603 3063 patrare
623 2980 754 3046 bellum
776 2986 868 3066 apud
882 2981 1069 3044 Salustium
1098 2980 1191 3042 dicta
1211 2991 1325 3044 sancte
1348 2989 1380 3044 et
1401 2979 1561 3062 antique,
1591 2976 1751 3040 ridentur
1772 2998 1793 3040 a

397 3084 515 3166 nobis,
536 3087 565 3148 si
586 3087 654 3148 diis
673 3088 803 3171 placet,
824 3108 927 3169 quam
948 3087 1084 3171 culpam
1106 3105 1178 3148 non
1199 3083 1422 3148 scribentium
1443 3080 1585 3164 quidem
1600 3081 1720 3160 judico
1733 3085 1792 3145 sed

393 3186 594 3270 legentium.
605 3187 624 3217 ''
663 3190 744 3268 Quo
764 3187 836 3251 sibi
841 3192 963 3272 fidum
983 3189 1125 3271 faceret
1146 3191 1170 3260 i,
1198 3210 1227 3256 e.
1249 3198 1286 3251 ut
1308 3209 1427 3251 eorum
1448 3207 1598 3250 amorem
1620 3187 1688 3248 sibi
1710 3207 1792 3248 con·

394 3290 536 3356 ciliaret.
569 3281 675 3352 dictio
696 3291 833 3370 antiqui
852 3292 1019 3353 sermonis
1038 3292 1251 3374 simplicitati
1272 3291 1418 3354 maxime
1436 3290 1652 3354 conveniens.
1672 3291 1792 3372 volup-

397 3389 498 3456 taria
520 3393 580 3461 cfr.
601 3395 711 3456 Plaut.
734 3396 826 3458 Poen.
839 3397 868 3456 3.
881 3411 909 3456 a.
924 3396 973 3466 25,
998 3392 1150 3458 liberum
1171 3401 1213 3456 ut
1236 3401 1558 3458 commonstrantur
1580 3388 1652 3457 tibi
1670 3395 1791 3458 locum

395 3503 432 3560 et
454 3493 716 3580 voluptarium,
739 3497 804 3559 ubi
822 3520 935 3582 ames,
951 3507 1075 3582 potes,
1092 3521 1341 3587 pergraeeere.
1376 3501 1486 3563 Etiam
1505 3498 1660 3562 Justinus
1679 3507 1792 3581 captas

392 3600 546 3666 civitates
565 3601 653 3666 Asiae
668 3599 913 3686 possessiones
942 3600 1167 3685 voluptarios
1188 3604 1281 3668 dicit.
1313 3608 1365 3670 De
1386 3625 1423 3669 re
1444 3606 1504 3668 clr.
1517 3609 1609 3671 Curt.
1626 3607 1655 3667 5.
1671 3627 1698 3673 ιι
1718 3602 1791 3665 Liv.

392 3709 445 3780 38,
479 3730 525 3789 17.
566 3709 655 3772 Flor.
688 3725 717 3771 a.
749 3728 797 3771 11.
834 3697 1075 3772 molliverant'
1100 3707 1123 3770 i.
1160 3731 1188 3773 e.
1225 3704 1532 3792 effeminaverant,
1568 3705 1792 3795 mollierunt,

394 3813 469 3874 Vat.
487 3815 515 3876 5.
536 3812 589 3876 ibi
591 3812 754 3897 primum
772 3813 934 3878 insuevit.
959 3813 1176 3878 consentiunt
1194 3815 1268 3878 liv.
1283 3818 1332 3884 25,
1355 3833 1405 3891 ιο.
1425 3817 1512 3878 Plin.
1532 3816 1573 3877 X.
1596 3819 1635 3877 N.
1656 3817 1708 3876 33.
1731 3833 1762 3874 ιι
1779 3831 1789 3888 3

391 4020 464 4104 pris
496 4021 651 4082 deditum
681 4041 762 4090 esse.
791 4022 850 4084 cfr.
880 4024 1038 4108 Jugurth.
1070 4025 1119 4087 85.
1147 4028 1238 4108 apud
1270 4025 1471 4089 Terentium
1503 4025 1697 4110 saepissime.
1729 4020 1789 4086 cfr.

391 4125 531 4190 Andria.
556 4149 583 4193 ι.
606 4149 634 4188 ι.
656 4143 704 4192 ao.
725 4147 843 4188 omnes
864 4127 925 4208 qui
946 4139 1087 4213 amant,
1118 4129 1266 4214 graviter
1293 4129 1362 4194 sibi
1392 4130 1467 4192 dari
1495 4149 1638 4192 uxorem
1664 4127 1789 4194 ferum.
1831 4193 1833 4202 ,

386 4239 523 4314 potare
535 4233 558 4306 i,
568 4252 597 4295 e.
612 4240 855 4314 essepotorem.
869 4232 917 4294 ita
931 4234 1066 4300 Terent,
1082 4234 1228 4315 Adelph.
1243 4257 1266 4294 1.
1282 4251 1311 4295 a.
1325 4239 1383 4313 373
1402 4237 1575 4318 «obsonet,
1594 4227 1699 4318 potat,
1715 4230 1787 4294 olet

391 4346 567 4421 unguenta
593 4340 636 4403 de
659 4345 746 4402 meo.
767 4333 908 4402 mirari.
930 4338 1002 4401 Liv.
1021 4339 1068 4400 25.
1084 4337 1169 4414 40:⁹²
1190 4338 1273 4402 inde
1292 4338 1444 4424 primum
1472 4338 1614 4401 initium
1633 4333 1786 4399 mirandi
