4108 4976
1594 395 1667 474 285

269 594 470 680 scriptorem
518 589 684 664 ostentui
727 597 848 661 eadem
886 592 1139 680 significatione
1176 593 1328 678 positum
1361 597 1543 672 inveneris.
1578 623 1674 672 mam

270 722 346 784 qua
365 701 476 766 Taciti
494 702 572 766 loca
590 703 748 786 laudant,
768 704 811 766 ab
832 705 899 766 hoc
921 701 1035 766 aliena
1055 709 1145 766 sunt.
1165 709 1202 764 et
1222 697 1364 765 insidiis
1384 705 1505 768 locum
1521 714 1674 794 tempta·

269 827 319 872 re.
341 818 431 874 recte
450 812 541 876 cort.
562 809 655 873 hunc
674 809 790 900 locum
812 806 984 890 explicuit.
1013 810 1072 870 sed
1091 808 1276 871 verborum
1291 815 1460 873 structura
1480 832 1583 894 quam
1601 837 1674 896 ma.

268 912 360 977 xime
377 913 528 977 insolita.
560 913 690 978 scilicet
715 932 756 977 ex
773 912 889 976 verbis
910 907 1075 975 ostentui
1093 931 1166 975 esse
1203 930 1357 995 persona
1390 917 1488 981 notio
1508 925 1674 988 sumenda

269 1027 334 1082 est:
353 1038 435 1080 nam
456 1015 632 1089 illaria.
653 1019 774 1084 hostes
792 1016 847 1081 vel
869 1016 936 1081 tale
957 1015 1043 1097 quid
1065 1016 1294 1102 supplendum
1317 1037 1406 1100 esse,
1436 1041 1509 1086 non
1527 1027 1674 1092 dubium

269 1131 328 1190 est.
350 1126 416 1188 hoc
434 1123 576 1207 quidem
588 1125 821 1207 durissimum,
837 1125 898 1186 sed
913 1131 1028 1185 tamen
1044 1122 1173 1186 similia
1193 1125 1285 1207 apud
1300 1125 1366 1192 Sal.
1381 1141 1575 1196 occurrunt.
1592 1133 1674 1200 vide

269 1229 338 1291 Cat.
352 1231 401 1292 5ι.
422 1227 680 1296 circumvenire
700 1225 910 1294 innocentes
929 1215 991 1291 ubi
1011 1226 1134 1292 itidem
1161 1229 1303 1292 verbum
1325 1229 1400 1296 sine
1424 1233 1588 1320 subjecto,
1620 1239 1674 1303 uti

267 1343 407 1419 vocant,
431 1336 583 1419 positum
604 1344 663 1400 est.
683 1335 786 1401 etiam
805 1333 1068 1417 iniracap.114.
1090 1328 1250 1400 Romani
1257 1331 1313 1397 sic
1325 1336 1493 1422 habuere.
1504 1337 1582 1404 alia
1596 1363 1674 1407 arn-

268 1438 333 1502 nia
362 1435 494 1504 virtuti
516 1461 606 1506 suae
619 1435 756 1525 prona
771 1461 860 1525 esse,
881 1460 963 1504 cum
988 1438 1106 1504 Gallis
1120 1461 1194 1523 pro
1212 1442 1344 1527 salute,
1365 1463 1439 1508 non
1455 1465 1528 1527 pro
1547 1446 1675 1534 gloria

269 1552 421 1608 certare.
443 1545 632 1626 subjectum
649 1547 813 1611 omissum
831 1555 890 1632 est,
907 1549 967 1611 sed
981 1549 1076 1630 quod
1097 1545 1233 1631 facilius
1245 1567 1286 1612 cx
1300 1551 1579 1616 antecedentibus
1593 1573 1675 1640 sup-

265 1649 378 1732 pleas3
404 1651 509 1714 etiam
529 1652 687 1718 usitatius
706 1661 779 1718 erat
798 1653 913 1718 dicere
928 1655 1049 1717 locum
1070 1648 1212 1716 insidiis
1234 1676 1408 1735 quaerere
1427 1679 1530 1740 quam
1552 1661 1675 1725 Iocum
1699 1717 1701 1722 .

268 1749 412 1819 insidiis
433 1765 620 1840 temptare.
641 1779 804 1822 numerus
823 1768 914 1822 certe
934 1757 1120 1843 singularis
1138 1758 1233 1820 vocis
1254 1756 1331 1824 Ioci
1348 1779 1450 1839 quam
1464 1763 1611 1828 maxime
1625 1773 1676 1830 est

268 1858 437 1925 insolitus.
460 1863 624 1927 curabat.
643 1863 723 1928 vide
743 1867 812 1924 Cat.
825 1864 873 1942 59.
896 1861 955 1926 cir.
976 1861 1068 1924 inira
1089 1883 1117 1924 c.
1137 1863 1187 1943 57.
1202 1859 1415 1951 praefectos
1436 1866 1595 1954 intellige
1610 1873 1675 1935 du·

268 1991 322 2034 ces
343 1968 565 2034 auxiliarium
584 1968 664 2033 vide
685 1971 756 2032 Cat.
771 1971 820 2049 ⁵9·
855 1975 1005 2034 ceterum
1025 1968 1168 2032 observa
1188 1977 1302 2052 aptam
1324 1978 1357 2033 et
1374 1957 1581 2036 concinnam
1601 1996 1676 2041 rer·

268 2078 393 2141 borum
413 2074 708 2160 compositionem.
741 2073 870 2138 scilicet
889 2073 1091 2136 attribuerat
1111 2073 1259 2137 tribunis
1285 2074 1433 2161 equites,
1468 2077 1673 2158 quibuscum

269 2192 452 2264 utrumque
466 2183 556 2244 latus
573 2181 739 2246 exercitus
759 2188 946 2245 tuerentur.
973 2175 1102 2247 velites.
1122 2177 1181 2242 afr.
1197 2179 1270 2248 Lir.
1286 2183 1334 2243 26.
1349 2198 1379 2258 4.
1400 2183 1475 2248 Val.
1495 2185 1583 2248 Max.
1598 2205 1628 2250 a.
1642 2191 1673 2251 5.
1696 2259 1701 2272 ,

269 2289 485 2369 quocunque
495 2288 719 2352 accederent.
738 2287 767 2351 si
784 2289 857 2350 haec
872 2285 976 2350 lectio
992 2285 1169 2370 retinetur,
1189 2285 1334 2350 dubium
1355 2309 1427 2353 non
1447 2298 1508 2376 est,
1529 2293 1615 2374 quin
1627 2295 1678 2356 ad

268 2392 401 2456 Metelli
420 2393 537 2477 copias
553 2395 620 2457 hoc
631 2403 767 2479 spectet.
787 2395 882 2478 quod
895 2391 925 2456 si
937 2393 1132 2478 statuimus,
1152 2393 1250 2457 nulla
1261 2394 1314 2458 vis
1332 2394 1371 2458 in
1383 2397 1673 2463 hocadditamen-

268 2503 322 2576 to;
360 2498 418 2562 vir
450 2499 544 2564 enim
572 2499 781 2586 assequaris,
810 2520 914 2584 quem
941 2500 1115 2566 adfinem
1142 2501 1210 2566 hoc
1239 2499 1385 2586 scriptor
1412 2503 1583 2582 adjecerit.
1617 2503 1674 2568 sin

266 2623 348 2668 vero
369 2607 415 2668 ad
439 2603 627 2688 equitatus
646 2601 805 2670 hostium
827 2610 900 2672 haec
918 2608 1109 2692 pertinent,
1137 2627 1354 2691 quacunque
1373 2607 1592 2672 scribendum
1612 2619 1674 2676 est.

268 2710 326 2772 oui
344 2709 547 2790 conjecturae
565 2711 778 2796 acutissimae,
798 2732 819 2775 a
833 2713 950 2777 Cortio
972 2713 1087 2797 factae,
1101 2713 1176 2791 jam
1195 2713 1372 2798 assentior,
1401 2735 1479 2778 oum
1497 2725 1597 2779 antea
1614 2735 1674 2800 pa-

267 2835 344 2877 rum
367 2816 556 2898 probabilis
582 2816 670 2880 mibi
694 2818 879 2887 videretur.
911 2829 1112 2902 putaveram
1139 2818 1250 2900 enirn,
1279 2839 1495 2900 quocunque
1526 2819 1673 2884 accede-

267 2929 352 2983 rent
372 2920 502 2982 dictum
527 2941 597 2984 esse
621 2939 686 3004 pro
712 2942 820 3002 quarn
842 2930 989 3003 partem
1018 2919 1200 2986 exercitus
1220 2921 1382 2986 Romani
1400 2919 1537 3005 equites
1556 2919 1672 2989 hosti.

269 3045 329 3088 um
351 3022 604 3090 adorirentur.
624 3028 684 3090 sed
702 3043 784 3088 usus
795 3026 963 3106 loquendi
981 3027 1075 3089 hunc
1094 3045 1229 3089 sensum
1248 3025 1305 3088 vix
1322 3026 1483 3090 admittit.
1496 3016 1602 3091 altera
1614 3048 1673 3093 ex·

267 3127 409 3212 plicatio
429 3138 467 3192 ut
485 3130 591 3215 longe
605 3129 812 3214 elegantior,
832 3131 881 3192 ita
898 3129 1017 3192 multis
1036 3129 1201 3213 exemplis
1221 3130 1451 3193 confirmatur.
1472 3132 1552 3197 vide
1569 3153 1672 3221 supra

268 3253 340 3318 cap.
354 3236 406 3298 38.
434 3255 546 3316 eaque
565 3235 749 3301 Numidae
768 3234 896 3298 cuncti
916 3229 1090 3317 irrupere.
1118 3235 1271 3299 Frontin.
1288 3256 1315 3296 1.
1330 3250 1360 3311 4.
1374 3250 1404 3312 4.
1425 3258 1498 3318 qua
1515 3258 1591 3303 noa
1612 3260 1673 3304 ee-

266 3339 505 3423 speotabatur
524 3336 658 3404 aditus.
677 3338 852 3419 Lir.t.19.
875 3359 1092 3422 quacunque
1111 3361 1149 3404 se
1169 3337 1391 3405 intendisset.
1412 3342 1573 3426 quaeloca
1586 3348 1672 3409 Cor·
1783 3331 1786 3337 ¹

268 3445 336 3509 tius
347 3445 510 3514 laudavit.
524 3453 674 3510 ceterum
690 3444 876 3528 equitatus
889 3445 1018 3530 plurali
1030 3464 1176 3509 numero
1187 3445 1257 3508 dici
1270 3455 1302 3510 et
1314 3446 1456 3512 aliunde
1470 3458 1618 3535 constat,
1639 3461 1673 3516 et

268 3553 403 3617 Cortius
422 3553 588 3635 exemplis
610 3552 805 3616 illustravit.
824 3549 883 3613 al'r.
895 3555 974 3616 Cass.
986 3555 1020 3613 B.
1034 3551 1108 3644 Cir,
1125 3573 1150 3612 ι.
1166 3554 1215 3614 6ι.
1236 3551 1326 3615 Flor.
1341 3557 1371 3619 3.
1396 3573 1442 3616 ιι.
1456 3555 1485 3616 8.
1506 3554 1672 3620 itaetiam

270 3654 467 3721 comitatus
485 3657 614 3741 plurali
634 3677 778 3721 numero
795 3676 898 3740 supra
919 3659 989 3719 Cat.
1003 3658 1053 3731 45.
1089 3655 1403 3741 interpunctionem
1424 3662 1518 3740 quod
1539 3661 1672 3746 attinet,

268 3781 401 3825 comma
418 3770 496 3847 post
509 3764 722 3828 accederent
741 3763 934 3826 tollendum
956 3749 1083 3845 etpost
1092 3761 1245 3826 hostium
1264 3763 1578 3846 interpungendum
1599 3783 1672 3830 esse

268 3885 406 3951 censeo,
434 3867 483 3930 ita
502 3875 542 3931 ut
560 3871 604 3929 ad
623 3870 888 3951 propulsarent
914 3886 1107 3951 pronomen
1135 3886 1196 3932 eas
1216 3867 1481 3950 intelligendum
1502 3868 1556 3940 sit.
1586 3891 1670 3936 con-

220 4037 227 4050 ,
268 3970 349 4034 silio
370 3970 478 4056 igitur
488 3981 607 4036 auctor
623 3972 873 4040 substantivum
883 3971 975 4036 inter
991 3976 1061 4035 duo
1073 3974 1178 4037 rerba
1187 3972 1407 4056 interposuit,
1427 3981 1466 4036 ut
1478 3976 1522 4036 ad
1539 3973 1676 4040 utrum·'

269 4099 337 4162 que
350 4079 440 4142 trahi
455 4086 577 4160 posset.
600 4074 638 4142 in
657 4076 864 4167 Jugurtha.
882 4075 962 4140 vide
977 4096 1079 4159 snpra
1102 4079 1233 4160 capati.
1255 4079 1325 4140 Cat.
1342 4080 1391 4141 52.
1412 4079 1485 4142 sub.
1505 4079 1564 4143 fin.
1585 4089 1674 4149 tan·

270 4193 389 4267 taque.
412 4202 496 4266 que,
517 4184 612 4265 quod
635 4185 727 4246 cort.
751 4181 862 4248 deleri
877 4181 996 4268 jussit,
1028 4183 1095 4246 hoc
1115 4182 1318 4248 locaomitti
1347 4203 1419 4248 non
1440 4192 1567 4270 potest,
1596 4186 1671 4271 ipse
