4108 4976
1622 421 1693 498 271

297 601 375 648 oum
396 600 437 646 ex
456 581 535 648 aliis
555 580 688 664 multis,
707 584 783 648 tum
802 597 844 646 ex
861 571 1024 646 lectionis
1040 583 1204 648 varietate
1223 583 1439 669 perspicitur.
1471 587 1607 655 Cottius
1624 593 1699 660 haec

294 687 400 778 patilo
420 687 512 752 inira
531 697 608 773 post
627 688 733 753 verba
752 683 814 752 uti
831 686 1034 752 desererent
1052 687 1166 773 posita
1186 709 1256 754 esse
1272 671 1402 768 voluis
1413 693 1470 756 sed
1483 696 1700 763 additamen-

295 800 376 858 tum·
388 801 483 876 sunt,
503 795 546 857 ab
567 793 698 858 insulso
716 792 940 878 grammatico
960 794 1212 877 interpositum.
1233 795 1434 859 exercitum
1453 801 1657 882 temptabat
1675 803 1699 872 i.

294 918 324 969 e.
346 899 451 964 fidem
470 900 637 964 exercitus
657 899 859 982 temptabat,
885 896 1122 965 labefactabat.
1149 918 1391 980 corrumpere.
1411 901 1515 966 etiarn
1535 907 1610 972 haec
1632 929 1699 974 vox

195 1071 196 1076 ,
293 1006 412 1072 Gortio
440 1005 548 1070 dubia
567 991 643 1069 ‘viss
663 1011 729 1088 est,
758 1004 853 1086 quod
872 1001 911 1063 in
937 1003 1074 1070 Eccsrd.
1106 1001 1230 1064 omissa
1248 1001 1333 1078 tuit,
1351 1007 1418 1069 hoc
1439 1028 1510 1073 non
1531 1020 1581 1074 est
1601 1013 1698 1077 criti·

293 1131 375 1175 cunr
409 1129 524 1196 agere,
561 1112 622 1174 sed
654 1107 828 1172 levissima
866 1106 1072 1191 opinionum
1104 1114 1308 1170 comments
1331 1111 1494 1192 proferre.
1533 1111 1696 1181 instruit.

291 1233 441 1299 presens
453 1213 565 1279 etiam
584 1213 676 1278 infra
696 1216 747 1277 62.
766 1221 963 1298 postquam
983 1213 1147 1294 sequitur.
1182 1215 1344 1277 tumultu
1356 1218 1526 1298 percussi
1545 1216 1696 1286 insolito

293 1323 379 1388 Vsu.
394 1339 424 1384 o.
445 1327 533 1386 tum.
550 1317 716 1402 perculsi
733 1313 839 1383 insol.
858 1320 935 1383 Vnt.
954 1335 984 1380 o.
999 1331 1029 1394 4.
1057 1318 1162 1382 ceteri
1186 1319 1365 1405 vulgatum
1392 1321 1551 1385 ordinem
1570 1328 1696 1390 verbo·

291 1445 372 1490 rum
402 1411 562 1490 retinent.
593 1443 725 1506 anceps
749 1419 970 1507 periculum.
1010 1442 1083 1487 non
1126 1425 1254 1508 duplex
1288 1425 1481 1509 periculum
1521 1428 1699 1497 intellexe-

292 1531 377 1616 rim,
396 1534 458 1596 sed
476 1531 662 1614 incertum,
686 1528 848 1606 dubium,
877 1535 916 1589 ut
936 1530 1028 1612 apud
1048 1529 1136 1593 alios
1154 1528 1338 1614 scriptores
1355 1529 1519 1596 incertus
1538 1553 1646 1598 casus
1664 1546 1698 1600 et

292 1657 427 1719 anceps
446 1633 533 1699 belli
538 1630 706 1724 fortuna
726 1634 870 1714 dicitur3
902 1634 1033 1699 seilicet
1052 1656 1129 1716 quae
1148 1636 1297 1718 periculi
1323 1635 1412 1700 ratio
1443 1647 1545 1721 esset,
1574 1660 1698 1723 parum

214 1733 219 1740 ’
292 1749 424 1806 certum
443 1751 525 1806 erat.
546 1762 592 1805 etr
612 1761 653 1804 eo
675 1760 846 1814 numero,
869 1759 960 1820 quos
979 1739 1003 1805 i.
1025 1759 1055 1804 e.
1076 1759 1117 1802 ex
1136 1739 1224 1821 illis,
1245 1757 1348 1818 quos;
1380 1761 1456 1819 quae
1475 1741 1585 1826 figura
1604 1748 1697 1828 apud
1776 1727 1778 1734 ’

291 1845 479 1910 Salustium
505 1844 690 1928 sepissime
716 1841 875 1906 occurrit.
902 1842 1094 1906 colors-
1121 1862 1204 1907 cum
1231 1850 1294 1907 etc.
1313 1843 1429 1927 plures
1447 1866 1609 1930 personas
1630 1851 1697 1913 hoc

291 1955 397 2016 modo
409 1949 613 2033 compositos
632 1950 738 2012 modo
757 1945 918 2031 pluralis,
939 1949 1044 2009 modo
1064 1947 1249 2032 singularis
1260 1947 1423 2030 sequitur.
1442 1951 1523 2014 vide
1531 1955 1697 2019 Ruddim.

290 2057 373 2121 Inst.
389 2057 475 2119 L.L·.
490 2071 518 2123 2.
533 2076 567 2138 p.
580 2072 630 2134 ²9·
652 2073 686 2121 n.
703 2074 731 2116 1.
745 2055 795 2116 tis.
808 2048 928 2135 primi
939 2048 1021 2134 pili.
1042 2053 1086 2115 de
1103 2051 1208 2115 variis
1218 2055 1391 2116 honorum
1402 2054 1607 2119 militarium
1619 2078 1697 2142 gra-

290 2161 395 2226 dibus
412 2160 494 2224 vide
512 2161 629 2222 locum
647 2157 960 2222 luculentissimum
980 2159 1073 2239 apud
1092 2157 1225 2233 Lines.
1236 2162 1286 2234 34.
1302 2155 1423 2241 primi
1435 2155 1510 2242 pili
1527 2162 1695 2229 centurio

291 2273 364 2332 erat
388 2264 545 2329 centurio
564 2251 686 2348 pri'mte
706 2261 869 2326 centurie
889 2260 1103 2345 triariorum,
1133 2262 1194 2345 qui
1213 2263 1325 2326 etiam.
1331 2259 1455 2347 piloni
1482 2265 1697 2330 dicebantur.¹
1787 2331 1788 2336 ,

290 2370 352 2436 cir.
379 2373 489 2436 Varro
510 2372 553 2435 de
570 2372 610 2433 L.
631 2371 670 2430 L.
689 2383 719 2444 4.
739 2369 789 2431 46.
807 2366 921 2451 pilum
941 2367 1123 2453 proprium
1143 2371 1379 2434 Romanorum
1399 2369 1517 2434 telum.
1538 2372 1598 2436 cfr.
1618 2373 1693 2442 Liv.

291 2495 323 2558 9.
338 2496 387 2564 ¹9·
413 2477 459 2539 dc
486 2473 558 2553 ejus
583 2472 719 2537 ratione
746 2471 806 2535 cir.
837 2475 955 2559 Vrget.
970 2496 999 2534 s.
1014 2475 1062 2541 15.
1092 2471 1152 2537 cir.
1181 2473 1284 2538 etism
1303 2475 1396 2538 Serv.
1415 2477 1457 2538 ad
1478 2477 1563 2544 Aen,
1576 2499 1606 2558 7.
1623 2480 1693 2555 664.

264 2587 266 2593 ’
289 2581 404 2666 pilum
414 2600 523 2662 aeque
541 2599 582 2644 sc
599 2578 767 2643 vexillum
786 2577 918 2642 dictum
937 2595 1002 2663 pro
1021 2577 1082 2663 iis,
1103 2578 1165 2662 qui
1184 2581 1275 2643 illud
1295 2581 1469 2666 gerebant.
1490 2581 1550 2648 cir.
1568 2585 1648 2649 Caes.
1659 2587 1695 2653 Β.

290 2688 333 2750 G.
351 2687 379 2754 ⁵.
401 2689 452 2751 ³5.
467 2681 630 2769 primurn
645 2679 765 2768 pilum
786 2683 1009 2748 macroc-
1031 2705 1141 2766 quam
1169 2680 1230 2748 uti
1249 2681 1388 2772 defend.
1409 2696 1601 2768 acceperat
1621 2689 1645 2774 i,
1665 2709 1694 2754 e.

208 2873 211 2880 Ι
289 2811 366 2873 quae
386 2795 420 2855 ei
440 2790 657 2856 defendenda
677 2789 804 2853 tradita
824 2796 906 2853 erat.
931 2769 1121 2853 remorata
1145 2797 1233 2853 sunt
1260 2790 1283 2857 i.
1305 2809 1333 2854 e.
1354 2794 1586 2873 retardarunt,
1614 2811 1698 2876 pro·

243 2883 248 2888 ⁸
287 2895 488 2959 hihuerunt.
506 2903 586 2979 post
606 2896 676 2958 duo
696 2893 867 2955 feminina
884 2892 1001 2975 posuit
1021 2885 1182 2955 neutrum
1201 2894 1346 2977 plurale.
1367 2893 1428 2957 cfr·
1450 2897 1519 2961 Cat.
1534 2897 1563 2958 6.
1580 2913 1631 2959 oo.
1643 2901 1694 2966 ³1.

288 3007 324 3065 et
349 2989 443 3082 spud
469 2999 557 3062 alios
583 2996 765 3080 scriptores
783 2995 921 3081 passim.
949 2994 1055 3060 verba
1071 2991 1187 3084 facit.
1215 2998 1338 3080 saepius
1358 3007 1421 3061 ests
1441 2998 1634 3064 orationem
1655 3002 1694 3064 iu

287 3102 432 3189 publico
457 3103 597 3170 habere.
618 3099 678 3164 ctr.
700 3121 773 3184 esp.
797 3104 846 3163 tis.
874 3102 993 3162 multa
1007 3101 1124 3164 'verba
1145 3098 1184 3163 in
1210 3101 1280 3166 hoc
1300 3097 1430 3166 ordine
1438 3096 1529 3190 feci
1547 3105 1608 3166 sed
1627 3105 1696 3168 hoc

213 3271 214 3276 ,
287 3209 369 3274 loco
382 3205 474 3272 nihil
485 3205 594 3290 uliud,
603 3225 708 3288 quam
721 3203 823 3288 dixit,
842 3203 902 3270 cir.
914 3224 1017 3289 supra
1028 3225 1058 3284 9.
1080 3199 1218 3268 dicitur
1230 3202 1483 3296 hujuscemodi
1492 3206 1597 3272 verba
1612 3231 1694 3273 cum

287 3314 484 3405 Jugurtha
495 3308 673 3396 habuisse,
692 3320 726 3375 et
746 3331 823 3400 quse
842 3310 895 3375 ibi
913 3311 1055 3376 laudavi
1073 3311 1159 3375 locs.
1170 3303 1299 3400 ferro,
1314 3306 1433 3400 same.
1444 3312 1532 3375 Min.
1547 3333 1575 3375 s.
1594 3307 1696 3399 fame

278 3415 394 3512 ferro
414 3421 506 3482 Med.
519 3433 548 3480 2.
563 3439 593 3499 7.
614 3425 650 3480 et
659 3411 773 3505 ferro
796 3418 887 3482 Med.
907 3432 936 3493 4.
952 3419 981 3480 6.
996 3420 1025 3485 8.
1051 3421 1127 3484 Vct.
1140 3437 1167 3480 1.
1179 3417 1249 3502 ²2³·
1263 3423 1293 3494 4.
1317 3415 1578 3509 ιεπεόατ-Βαὼ.
1593 3442 1621 3482 4.
1641 3425 1695 3482 te.

289 3531 394 3590 neret
416 3526 503 3592 Ven.
521 3542 552 3601 4.
573 3511 833 3615 teuerstatt.
855 3523 970 3587 ceteri·
983 3523 1158 3609 vulgatam
1175 3517 1362 3588 lectionem
1382 3522 1601 3603 confirmant3
1627 3541 1696 3604 qua

287 3623 454 3696 varietate
478 3629 631 3715 primum
659 3627 698 3692 id
724 3628 806 3692 sctis
826 3636 956 3693 certum
976 3647 1048 3694 esse
1074 3629 1226 3713 videtur,
1253 3627 1413 3711 copulam
1432 3628 1524 3690 inter
1532 3621 1642 3717 same
1662 3633 1696 3692 et

278 3728 392 3825 ferro
414 3736 460 3798 ab
478 3743 616 3799 auctore
635 3732 741 3798 luisse
762 3730 934 3798 omissam,
956 3732 1061 3798 etism
1080 3741 1178 3796 terret
1199 3733 1326 3796 melior
1342 3731 1447 3796 lectio
1460 3730 1694 3810 essevidetur3
1776 3814 1778 3823 Ι

289 3858 367 3922 quse
394 3840 489 3904 enim
516 3842 680 3926 leguntur
703 3839 889 3925 variantes,
923 3821 1008 3904 inde
1034 3846 1117 3903 ortae
1144 3857 1215 3903 esse
1239 3837 1419 3922 ridentur,
1451 3844 1490 3900 ut
1508 3835 1695 3900 insolentis

288 3951 465 4010 structura
485 3947 691 4014 molliretur.
712 3965 753 4010 ea
773 3965 815 4009 ex
834 3947 953 4010 Graeco
973 3961 1131 4030 expressa
1150 3961 1222 4009 esse
1240 3942 1391 4025 videtur,
1419 3940 1483 4004 ubi
1504 3941 1543 4004 in
1563 3942 1695 4006 oratio·

290 4065 336 4116 ue
355 4049 499 4131 obliqua
518 4050 702 4133 sepissime
721 4051 928 4118 indicativus
947 4048 1099 4133 ponitur.
1120 4047 1181 4112 cir.
1203 4049 1310 4112 Msth.
1331 4049 1389 4111 Gr.
1403 4048 1462 4110 Gr.
1482 4045 1512 4132 ς.
1532 4049 1604 4128 6ο7.
1632 4045 1692 4109 sed

289 4154 386 4237 quod
404 4152 444 4219 in
461 4152 558 4220 Leid.
578 4155 603 4219 1.
622 4151 727 4220 etism
736 4152 876 4250 foedus
884 4149 985 4250 serit
1003 4151 1147 4241 legitur,
1170 4152 1209 4220 id
1228 4171 1330 4220 sensu
1350 4161 1452 4222 caret.
1460 4147 1571 4241 fame
1590 4151 1694 4215 clau·
