4108 4976
344 377 348 386 ’
387 407 459 482 258

387 599 443 664 cit.
460 616 533 683 pro
555 590 721 662 consilio.
741 593 822 658 ride
838 593 924 658 Fest.
942 610 968 657 s.
990 613 1023 656 r.
1044 592 1144 668 «Pro
1155 587 1326 678 significat
1345 585 1397 678 in,
1415 595 1454 656 ut
1468 611 1542 675 pro
1562 589 1707 683 rostris,
1721 614 1796 677 pra

389 704 493 787 aede,
508 723 582 787 pro
606 698 817 784 tribunali»,
838 707 871 764 et
890 699 982 764 inlra
996 719 1069 786 cap.
1082 701 1133 780 67.
1150 707 1315 785 praterea
1334 699 1487 763 Gronov.
1508 697 1684 762 observat.
1701 700 1796 767 lV.r.

391 807 609 894 imperatum
631 815 722 873 erat.
752 806 856 872 etiam
877 808 944 870 hoc
963 807 1042 871 loco
1064 805 1200 870 certius
1218 803 1363 868 verbum
1382 812 1502 868 contra
1521 804 1629 870 Codd.
1650 804 1798 868 auctori·

390 924 496 980 tatem
517 911 653 978 delerit.
678 932 795 996 parvo
816 908 967 1000 argenti
982 909 1155 994 pondere.
1185 909 1275 974 bene
1296 909 1370 972 haec
1389 907 1493 972 lectio
1514 926 1550 972 se
1568 909 1684 974 babet.
1703 908 1798 974 scili·

391 1029 444 1086 cet
465 1041 505 1086 ex
525 1023 590 1083 hac
617 1037 756 1102 quoque
776 1037 814 1082 re
833 1024 1048 1103 perspectum
1069 1022 1136 1099 est,
1164 1014 1343 1100 iugurthae
1363 1013 1578 1078 deditionem
1601 1013 1796 1082 simulatam

388 1125 510 1210 fuisse,
529 1126 624 1207 quod
638 1143 710 1186 non
729 1141 855 1208 magna
869 1115 1024 1206 pecunie
1038 1119 1091 1184 vis
1111 1119 1145 1184 ei
1164 1119 1333 1206 imperata
1352 1118 1474 1184 luerat.
1493 1119 1547 1183 ad
1556 1115 1799 1208 magistratus

392 1229 591 1320 rogandos.
612 1230 685 1293 haec
704 1247 771 1292 vox
790 1226 941 1312 propria.
959 1226 1139 1292 videFest.
1160 1245 1188 1290 s.
1206 1247 1239 1292 r.
1260 1232 1379 1311 ,rogat
1398 1229 1448 1290 est
1460 1222 1610 1288 consulit
1619 1226 1804 1313 populum

390 1336 446 1402 rel
466 1334 553 1421 petit
572 1335 615 1398 ab
636 1353 689 1418 eo,
710 1340 748 1397 ut
769 1332 807 1396 id
827 1331 958 1418 sciscat,
978 1336 1073 1414 quod
1092 1330 1210 1397 ierat.t
1240 1340 1274 1397 et
1289 1351 1316 1396 s.
1334 1353 1368 1402 r.
1383 1328 1546 1420 rogatio.
1565 1331 1719 1416 ,rogatio
1740 1339 1805 1417 est,

390 1459 469 1506 cum
489 1439 639 1524 populus
659 1437 853 1503 consulitur
872 1439 916 1502 de
935 1459 1009 1502 uno
1023 1437 1225 1524 pluribusve
1235 1436 1452 1522 hominibus,
1473 1439 1567 1520 quod
1582 1457 1653 1502 non
1665 1439 1710 1502 ad
1724 1457 1800 1502 om·

391 1563 452 1612 nes
471 1544 657 1630 pertineat,
678 1551 712 1608 et
737 1546 868 1608 deuna
891 1541 1092 1626 pluribusve
1117 1543 1240 1627 rebus,
1257 1545 1300 1607 de
1319 1541 1463 1626 quibus,
1482 1563 1555 1606 noa
1574 1545 1618 1608 de
1638 1542 1800 1608 omnibus

388 1650 591 1716 sanciatur.“
617 1646 680 1716 alr.
700 1643 773 1717 Liv.
788 1651 820 1732 6,
834 1663 885 1724 42.
915 1651 958 1712 ut
985 1647 1078 1712 daos
1107 1643 1203 1712 viros
1229 1643 1364 1712 aediles
1383 1669 1429 1712 ea
1443 1643 1617 1732 patribus
1636 1642 1801 1714 dictator

388 1756 566 1841 populum
588 1759 751 1842 rogaret.
770 1751 859 1829 id.4.·
873 1774 901 1816 a.
922 1771 1022 1815 nnnc
1040 1746 1188 1840 rogari,
1203 1755 1366 1836 populus
1385 1755 1552 1822 consules
1572 1761 1677 1818 creet.
1698 1761 1734 1816 et
1749 1774 1800 1820 ιο.

392 1883 422 1942 7.
443 1881 525 1924 cnm
542 1856 706 1950 plebejus
727 1859 944 1922 consulatus
962 1847 1182 1946 rogabatur.
1202 1877 1243 1924 ex
1262 1859 1390 1941 quibus
1409 1857 1497 1924 locis
1509 1867 1619 1944 patet,
1639 1877 1714 1941 quae
1727 1863 1801 1944 pri·

390 1966 499 2030 maria
519 1964 622 2044 hujus
640 1963 735 2028 vocis
758 1963 965 2051 significatio
985 1961 1101 2026 buerit.

472 2073 553 2156 Cap.
574 2071 674 2133 XXX.
697 2089 840 2152 quoque
859 2068 968 2133 modo
990 2062 1255 2159 actaesorent.
1274 2091 1353 2154 que,
1372 2071 1467 2153 quod
1485 2068 1588 2154 pauci
1597 2068 1680 2134 libri
1695 2071 1801 2135 omit-

390 2185 485 2261 tunt,
505 2175 735 2242 retinendum.
757 2183 849 2238 recte
870 2171 964 2239 enim
980 2171 1120 2237 Cortius
1140 2172 1237 2257 dicit,
1254 2195 1363 2264 agere
1381 2175 1450 2239 boc
1470 2175 1549 2240 loco
1565 2178 1610 2240 ad
1630 2174 1802 2240 conditio·

303 2314 314 2330 ·
390 2299 471 2346 nem
499 2281 550 2344 rei
572 2289 674 2366 gesta
704 2281 946 2344 declarandam
966 2277 1151 2362 pertinere.
1180 2286 1388 2348 conventus.
1408 2279 1490 2345 ride
1507 2283 1593 2351 Fert.
1608 2301 1634 2348 a
1648 2303 1681 2346 r.
1711 2280 1803 2369 «sig-

328 2379 330 2384 ’
391 2387 552 2450 nificatur
577 2385 781 2470 multitudo,
814 2405 854 2449 ex
882 2383 1119 2468 compluribus
1146 2383 1331 2468 generibus
1360 2384 1542 2449 bominum
1572 2397 1744 2452 contracta
1762 2387 1803 2451 ia

397 2513 504 2556 unum
525 2492 672 2555 locum.>‘
705 2486 853 2578 agitare
871 2489 897 2558 i.
921 2509 951 2554 e.
970 2509 1086 2574 agere,
1106 2487 1299 2574 disputare,
1327 2490 1510 2573 conqueri;
1530 2490 1801 2578 efr.1a'v.3o‚b.

391 2591 536 2677 saepius
555 2595 658 2658 ultro
682 2587 849 2674 citroque
868 2589 1097 2681 agitantibus
1116 2615 1193 2658 rem
1214 2604 1487 2662 conventuram.
1513 2596 1561 2665 id.
1575 2619 1605 2678 9.
1619 2600 1649 2662 6.
1688 2620 1800 2682 quum

393 2691 601 2787 defoedare
622 2690 739 2759 victor
759 2691 1154 2782 agitarer-solliciti
1159 2706 1278 2762 erant.
1288 2700 1362 2764 haec
1373 2701 1511 2767 Cortius
1519 2701 1696 2786 expunxit,
1716 2722 1801 2766 ean-

393 2807 470 2868 dem
491 2800 594 2880 bujus
613 2799 684 2864 loci
705 2796 943 2864 conditionem
963 2817 1035 2864 esse
1052 2809 1161 2884 ratus,
1193 2823 1297 2886 quam
1317 2824 1420 2889 supra
1441 2810 1512 2871 Cat.
1524 2829 1554 2876 c.
1568 2809 1618 2885 46.
1637 2805 1802 2874 vidimus.

390 2912 450 2976 sed
470 2908 623 2994 primum
644 2924 763 2971 ornnes
782 2903 867 2970 libri
887 2908 932 2970 ad
952 2927 1062 2972 unum
1081 2910 1155 2972 bac
1172 2907 1279 2974 rerba
1297 2918 1447 2996 tuentur,
1465 2920 1500 2978 et
1519 2913 1801 2980 reinverborum

392 3015 536 3099 quidem
556 3013 680 3079 ordine
700 3012 845 3082 variant.
867 3012 936 3076 nisi
956 3016 1051 3097 quod
1069 3015 1110 3077 in
1131 3017 1222 3080 Med.
1238 3031 1269 3092 4.
1290 3026 1324 3082 et
1337 3018 1411 3084 haee
1431 3028 1466 3084 et
1483 3020 1802 3106 rorpatresomis·

391 3141 428 3186 sa
448 3129 545 3205 sunt,
563 3124 656 3186 unde
676 3122 744 3184 hoc
766 3117 901 3186 incuria
920 3121 1146 3186 librariorum
1167 3121 1294 3188 factum
1314 3143 1386 3191 esse
1405 3125 1625 3214 intelligitur.
1654 3138 1727 3192 tum
1740 3147 1802 3194 sse·

388 3226 465 3313 pius
484 3227 626 3308 quidem
646 3223 829 3291 sollicitus
848 3247 912 3311 pro
933 3223 1063 3292 dubins
1082 3228 1154 3294 sive
1173 3230 1311 3296 anseius
1336 3231 1479 3318 dicitur,
1504 3233 1553 3297 ita
1579 3242 1618 3298 ut
1639 3235 1801 3316 conjuac-

391 3331 482 3395 tivus
502 3331 601 3413 sequi
620 3331 744 3415 possit3
765 3334 827 3396 sed
847 3351 925 3394 cum
948 3333 1085 3396 Cortius
1105 3333 1178 3418 ipse
1198 3337 1288 3400 banc
1307 3329 1491 3402 verborum
1512 3348 1714 3406 structuram
1734 3341 1803 3406 im·

391 3432 529 3519 probet,
550 3435 762 3498 vix'causam
784 3437 1001 3519 probabilem
1023 3439 1283 3524 attuleris„eur
1311 3442 1396 3508 haec
1422 3465 1443 3509 a
1470 3445 1624 3510 librariis
1648 3445 1802 3531 interpo-

390 3537 457 3603 sita
476 3535 617 3606 fuerint.
664 3541 747 3621 Quae
769 3537 862 3600 enim
884 3539 1023 3604 Cortius
1044 3542 1245 3629 disputavit,
1272 3565 1312 3610 ea
1332 3569 1454 3631 parum
1475 3549 1579 3614 firma
1599 3549 1678 3631 jure
1703 3552 1802 3617 dixe-

391 3641 449 3706 ris.
471 3643 584 3728 Quare
604 3637 696 3704 nihil
717 3647 782 3723 est,
801 3642 896 3721 quod
915 3641 1010 3704 hunc
1028 3643 1144 3708 locum
1163 3657 1356 3732 suspectum
1368 3655 1504 3721 habeas.
1529 3659 1729 3743 Asyndeton
1741 3658 1801 3722 Sa-

388 3741 547 3814 lustianae
568 3745 720 3812 orationi
741 3767 845 3830 quam
866 3747 1014 3814 maxime
1044 3761 1328 3837 consentaneum
1358 3780 1485 3846 neque,
1511 3762 1542 3826 ei
1566 3764 1671 3827 verba
1699 3759 1802 3829 solli-

392 3848 462 3916 citi
481 3862 588 3917 erant
613 3853 803 3940 suppositio
824 3864 950 3941 essent,
980 3864 1101 3920 auctor
1121 3859 1381 3942 probarentur,
1402 3868 1523 3953 credo,
1549 3867 1700 3932 dixisset.
1726 3869 1800 3934 haec

391 3956 485 4023 enim
507 3959 692 4023 verborum
713 3960 917 4043 compositio
945 3962 1152 4033 duriuscule.
1173 3965 1428 4034 subverterent
1446 3972 1471 4036 i.
1495 3993 1524 4038 e.
1549 3973 1686 4038 irritum
1709 3972 1801 4038 lace-

282 4107 284 4115 .
389 4072 481 4144 rent3
502 4060 563 4126 cir.
579 4064 705 4132 lustin.
720 4067 748 4126 6.
764 4069 795 4127 3.
816 4084 863 4128 ne
883 4072 941 4130 tot
963 4064 1066 4132 bellis
1086 4067 1291 4152 quaesitum
1306 4068 1497 4158 imperium
1514 4077 1628 4143 brevis
1641 4099 1800 4145 momen·

390 4165 425 4233 n·
442 4173 552 4274 eulpa
572 4167 996 4253 subverterer-parum
1018 4173 1224 4239 constabat.
1244 4178 1312 4241 boc
1327 4183 1372 4243 ad
1391 4181 1484 4266 ipsos
1505 4192 1619 4268 patres
1639 4184 1800 4268 pertinet.

389 4273 520 4342 scilicet
543 4277 627 4362 ipsis
646 4297 719 4344 non
739 4273 979 4363 deliberatum,
998 4299 1071 4344 non
1089 4289 1220 4346 certum
1235 4281 1318 4368 fuit,
1339 4295 1378 4352 ut
1395 4292 1488 4374 apud
1497 4289 1637 4374 Liubo,
1656 4291 1705 4359 ab.
1732 4309 1802 4354 nee
