4108 4976
399 405 475 486 316

398 596 522 692 pluria
532 603 596 667 eet.
615 598 693 668 Vat.
706 601 737 662 8.
752 597 782 660 5.
804 597 945 679 quanta
960 588 1093 678 pluria
1113 589 1208 656 Eich.
1223 585 1365 656 fortem
1378 589 1692 690 quantoprimitnp
1700 596 1810 684 serip-

403 713 479 774 tum
500 711 536 772 et
558 710 688 792 postea,
713 707 754 766 nt
779 698 882 766 alteri
910 698 1078 764 orationis
1097 697 1254 762 membro
1272 695 1382 782 megia
1402 700 1641 783 responderet,
1671 699 1711 765 in
1735 723 1808 785 quo

404 820 574 880 mutatum
602 818 660 876 eat.
682 806 823 874 videtur
842 802 935 872 mibi
959 805 1027 871 illa
1046 798 1313 870 administrari.
1335 803 1426 868 Med.
1437 826 1469 885 7.
1490 811 1607 870 vestro
1627 803 1807 892 beneficio.

404 923 478 986 vat.
493 937 523 981 a.
551 918 619 980 hoc
646 913 771 978 ordine
796 913 901 978 etiam
929 911 1020 978 inira
1038 911 1202 997 scriptum
1229 915 1289 976 eat.
1318 929 1447 998 cogere
1473 929 1535 974 eae
1555 911 1609 976 ad
1626 907 1807 976 militiam.

403 1027 498 1090 Eieh.
524 1022 577 1086 ad
598 1016 770 1084 militiam
800 1039 869 1083 om.
888 1021 962 1086 Vnt.
978 1022 1007 1082 5.
1026 1039 1088 1084 eoa
1108 1037 1176 1082 om.
1193 1017 1243 1088 Fi.
1261 1037 1287 1079 ι.
1313 1015 1435 1100 placet.
1454 1014 1697 1082 occursantia.
1726 1017 1750 1082 i.
1765 1015 1808 1084 e.

404 1146 600 1211 occurrere,
623 1123 766 1190 obviem
787 1125 922 1204 renire3
953 1125 991 1188 id
1012 1126 1107 1207 quod
1123 1123 1246 1208 sepina
1265 1121 1304 1187 in
1326 1122 1455 1186 honam
1472 1130 1605 1206 partem
1625 1122 1809 1210 accipitur,

404 1236 599 1318 sublevare,
618 1231 771 1315 mederi,
789 1249 997 1308 succurrere
1016 1229 1137 1313 rarius,
1153 1236 1191 1292 ut
1214 1230 1283 1292 hoc
1302 1227 1393 1313 loco,
1412 1227 1451 1292 in
1464 1228 1608 1315 malam,
1628 1229 1809 1296 alieuiim·

404 1341 604 1427 pedimento
625 1359 707 1404 esse.
727 1339 859 1401 Lucret.
874 1339 903 1399 5.
920 1338 991 1417 716.
1012 1333 1073 1398 cir.
1094 1333 1162 1399 Cic.
1184 1337 1257 1402 Cat.
1272 1338 1302 1398 3.
1316 1355 1345 1417 7.
1367 1329 1534 1400 amnibus
1554 1333 1633 1431 ejur
1647 1332 1810 1401 consiliis

405 1449 557 1514 accurri
575 1453 687 1528 atque
706 1439 844 1510 obstiti.
865 1442 933 1505 Cic.
945 1444 1041 1508 Verr.
1052 1445 1081 1504 8.
1096 1455 1146 1516 41.
1168 1435 1367 1523 cupiditati
1384 1433 1571 1504 bominum
1592 1437 1731 1506 obviam
1747 1440 1809 1506 ire.

403 1557 451 1619 ita
471 1548 677 1636 superbiae,
704 1531 1053 1648 injuriaezsceleri,
1081 1545 1334 1610 Gracchorum
1357 1540 1575 1609 actionibus.
1596 1566 1700 1631 supra
1718 1549 1809 1633 apud

403 1663 566 1726 nostrum.
594 1653 680 1721 aliia
705 1650 741 1718 ei
761 1650 951 1736 deliquere.
978 1652 1068 1714 Flor.
1089 1667 1137 1713 rr.
1146 1643 1277 1740 fortia
1286 1643 1413 1740 facta.
1424 1643 1555 1740 fortia
1569 1669 1637 1716 om.
1655 1656 1746 1718 Med.
1763 1675 1808 1720 rr.

405 1771 597 1853 regnator.
620 1767 657 1826 et
674 1759 803 1847 odfin.
825 1765 861 1823 et
881 1753 956 1822 om(
978 1760 1063 1824 Ven.
1083 1761 1113 1820 5.
1148 1751 1371 1822 innocentia.
1403 1761 1441 1819 ut
1471 1756 1595 1842 sepius
1623 1759 1810 1843 opponitur

404 1866 564 1932 avaritia.
585 1865 645 1930 cfr.
664 1869 734 1929 Cat.
749 1867 798 1942 54.
828 1884 964 1947 aequor
991 1863 1176 1946 bonosque
1191 1855 1333 1952 favere.
1364 1862 1530 1928 hocloco
1548 1866 1639 1928 Cort.
1660 1867 1811 1950 perticu-

402 1973 474 2036 lam
497 1993 565 2055 que
584 1971 748 2036 intactam
763 1969 922 2052 reliquit5
955 1989 1148 2053 pronomen
1165 1967 1330 2032 omissum
1350 1965 1475 2053 optimi
1494 1967 1579 2032 libri
1596 1971 1810 2040 confirmant.

403 2099 484 2143 mea
506 2077 676 2166 beneficia
696 2073 735 2141 in
755 2071 1016 2159 rempublicam
1024 2075 1242 2158 procedunt.
1259 2075 1345 2142 Ven.
1357 2088 1387 2150 4.
1408 2068 1448 2136 ia
1467 2081 1578 2158 remp.
1595 2077 1810 2159 praeetiam

404 2185 494 2246 1··lor.
513 2201 561 2248 rr.
590 2177 770 2268 beneficia.
796 2181 886 2244 Flor.
901 2198 929 2249 a.
951 2175 1144 2271 benefacta
1170 2187 1250 2245 eunt
1275 2180 1442 2245 ree‘beae
1458 2188 1592 2270 gestae.
1613 2179 1673 2244 cir.
1693 2185 1764 2251 Cat.
1780 2187 1810 2246 5.

403 2289 886 2374 Prop.r.1.23.procedunt.
908 2290 1002 2367 quod
1022 2295 1165 2372 prosunt
1187 2286 1474 2370 interpretentur,
1492 2289 1551 2350 sed
1570 2286 1674 2366 fals03
1696 2290 1813 2354 omnia

405 2395 515 2472 enim,
536 2413 612 2477 que
631 2395 817 2458 laudantur
836 2394 928 2478 loca,
958 2393 1063 2458 eliam
1087 2391 1375 2480 significationem
1389 2413 1468 2458 -non
1486 2392 1599 2458 solum
1616 2393 1813 2480 admittunt,

404 2503 463 2566 red
491 2501 595 2564 etiam
619 2502 804 2586 postulant.
839 2519 947 2583 quare
970 2501 1170 2584 procedere
1194 2502 1262 2566 hoc
1288 2499 1545 2584 quoqueloeo,
1575 2499 1663 2565 bene
1691 2502 1814 2567 cedere

405 2605 600 2690 significare
619 2606 822 2689 putaverim.
852 2625 970 2672 aenaea
990 2607 1100 2692 igitur
1120 2613 1170 2670 est
1190 2607 1234 2670 is:
1263 2605 1382 2670 omnia
1401 2625 1478 2688 qua
1498 2606 1589 2670 bene
1613 2607 1717 2692 gessi,
1745 2607 1812 2672 rei·

404 2711 552 2796 publiea
571 2711 661 2776 bene
681 2711 782 2798 geori.
809 2708 1020 2794 capiamini.
1050 2714 1171 2776 eodem
1190 2713 1296 2774 modo
1320 2709 1522 2776 inira'Hist.
1536 2715 1665 2798 Fragm.
1684 2733 1719 2798 p.
1741 2729 1812 2794 ²¹7·
1853 2748 1859 2764 ·

405 2813 608 2901 capiamini
627 2817 758 2882 dictum
774 2824 906 2902 putant.
928 2819 987 2882 sed
1006 2819 1042 2885 h.
1063 2815 1087 2879 1.
1107 2817 1203 2880 haud
1223 2815 1331 2881 dubie
1350 2836 1414 2902 pro
1434 2815 1738 2901 deciperedictum
1752 2827 1811 2884 est.

406 2922 466 2986 cir.
487 2925 565 2988 Tib.
581 2923 631 2987 El.
646 2929 674 2987 5.
689 2927 717 2987 6.
734 2927 785 3004 45.
804 2925 882 2992 Nec
904 2943 964 2989 vae
984 2930 1052 2988 aut
1072 2916 1224 3005 capiant
1230 2916 1428 3006 pendentia
1443 2919 1595 2988 bracbia
1608 2925 1725 3009 callo,
1745 2926 1813 2989 au't

397 3023 521 3116 sallat
542 3028 678 3094 blanda
698 3029 849 3096 sordida
871 3024 999 3119 lingua
1014 3049 1134 3113 prece.
1164 3027 1236 3092 Cic.
1256 3029 1358 3092 Aead.
1374 3045 1403 3106 4.
1425 3049 1452 3096 c.
1465 3045 1514 3092 ro.
1545 3025 1723 3115 sapientie
1741 3027 1813 3094 aim

408 3130 605 3197 maximam
635 3154 711 3198 erae
735 3157 874 3220 cavere,
901 3156 948 3200 ne
973 3131 1156 3219 capiatur.
1172 3171 1215 3186 -
1229 3141 1404 3199 consueta
1424 3133 1586 3200 habeam.
1608 3136 1738 3200 dictum
1757 3145 1814 3218 nt:

407 3241 655 3322 exploratum,
676 3237 880 3329 cognitum,
894 3250 1127 3325 perspectum
1148 3238 1288 3305 babere.
1303 3279 1345 3295 -
1359 3262 1383 3305 a
1397 3236 1563 3323 pueritia
1573 3236 1644 3328 sai
1655 3242 1813 3306 edoctae.

408 3345 493 3407 Ven.
509 3358 539 3416 4.
559 3340 623 3406 uti.
646 3342 732 3407 Min.
746 3361 775 3409 r.
797 3345 968 3409 deseram.
983 3345 1031 3409 ita
1048 3345 1116 3414 Cic.
1135 3348 1178 3410 de
1197 3345 1272 3409 Fin.
1289 3367 1315 3409 ι.
1335 3367 1364 3426 7.
1391 3348 1507 3410 ullam
1528 3343 1643 3430 officii
1655 3349 1812 3430 partem.

408 3453 612 3532 temperare
630 3448 810 3514 scierint:
838 3453 898 3514 red
918 3451 1052 3516 dativus
1073 3451 1188 3516 omitti
1207 3452 1336 3536 potuit,
1367 3473 1446 3518 cum
1464 3453 1569 3518 verba
1594 3449 1633 3516 in
1650 3461 1813 3535 patesta-

276 3637 297 3648 Ν
410 3544 508 3612 tibur
528 3547 694 3612 etiamad
714 3551 858 3614 verbum
879 3553 949 3614 sint
969 3557 1144 3617 trahenda.
1165 3555 1258 3618 idem
1279 3564 1345 3637 eet,
1374 3562 1486 3642 quod,
1515 3562 1667 3624 modeste
1687 3567 1721 3626 et
1740 3579 1814 3624 mo-

408 3659 525 3724 derate
545 3672 657 3740 agere.
683 3654 743 3718 sed
762 3650 838 3718 sin'e
857 3671 936 3718 casu
955 3653 1068 3717 rarius
1086 3655 1272 3723 invenitur.
1300 3680 1390 3727 unua
1417 3663 1515 3730 locus
1541 3669 1634 3752 apud
1654 3668 1815 3732 Plautum

410 3769 525 3832 exstat.
544 3761 642 3845 Epid.
660 3782 687 3823 ι.
704 3776 733 3822 r.
752 3761 782 3826 8.
820 3759 913 3826 Jam
939 3755 1057 3825 ietbcc
1084 3761 1243 3846 probior
1269 3785 1348 3834 mea
1380 3765 1522 3850 quidem
1550 3767 1695 3856 anima,
1731 3793 1814 3839 cum

277 3935 280 3942 ,
412 3867 450 3928 in
471 3853 598 3930 amare
617 3875 853 3952 temperem-
868 3866 979 3956 globo
1000 3859 1219 3936 nobilitatis.
1235 3873 1386 3962 globum
1407 3876 1493 3940 dicit
1503 3877 1712 3962 nobilitatis,
1733 3877 1815 3960 quie

410 3968 559 4074 Salustio
574 3982 731 4056 auctore,
764 3993 883 4040 omnes
903 3975 1187 4062 eademcupiunt,
1201 3981 1320 4043 eadem
1340 3982 1498 4067 oderunt,
1518 3987 1636 4048 eadem
1647 3991 1814 4048 metuunt.

411 4075 491 4142 vide
510 4081 767 4162 enpraeap.31.
795 4079 834 4142 in
856 4081 999 4146 eandem
1020 4083 1222 4148 sententiam
1242 4085 1364 4164 Vellej.
1378 4107 1407 4150 a.
1425 4089 1474 4152 58.
1504 4109 1585 4153 cam
1607 4084 1814 4180 conjurati·

414 4182 496 4248 onie
521 4181 633 4270 globo
661 4180 756 4246 dicit.
783 4187 867 4267 Nep.
890 4185 989 4248 Attio.
1004 4187 1034 4250 8.
1061 4185 1114 4251 eic
1135 4185 1383 4254 consentionis
1399 4192 1532 4279 globus
1552 4190 1661 4260 unius
1681 4189 1815 4259 disten·

412 4281 515 4352 ricae
534 4283 707 4381 disjectae
726 4293 790 4358 ert.
808 4329 843 4348 -
854 4287 1069 4380 prosapiae:
1089 4292 1230 4372 “sumit
1249 4312 1270 4362 e
1288 4297 1416 4368 Getone
1430 4289 1498 4384 'qui
1521 4321 1536 4364 r
1559 4299 1656 4388 orig.
1683 4305 1815 4366 veteres
