4108 4976
1576 401 1643 472 511
1695 432 1700 442 ¹

287 651 291 658 ,
322 599 402 680 Cop'.
420 593 566 658 LXXIV.
587 585 749 656 ceteri·-
758 609 853 672 pars
866 623 908 644 -
922 581 1000 656 atii.
1019 588 1213 672 videsuprs
1226 607 1254 652 e.
1268 593 1318 656 6ι.
1340 586 1566 682 agitabatur.
1588 613 1646 658 va·

238 700 410 792 gebatur.
421 702 512 766 bled.
525 722 554 781 7.
566 693 738 786 agitabat
748 715 796 762 te.
810 699 894 764 Ven.
911 718 939 761 ι.
958 714 1036 779 quae
1050 694 1198 762 varietas
1208 694 1556 783 firmatleotionenr,e
1565 700 1647 764 Gor·

239 807 293 871 tio
314 813 486 891 receptam
506 798 684 892 agitabat.
716 799 776 874 cfr.
797 821 871 887 esp.
887 803 933 871 ι8.
951 805 1061 884 19.6o.
1077 803 1127 882 64.
1145 803 1224 868 Tse.
1242 802 1364 866 tinnsl.
1388 825 1433 872 ιι.
1449 821 1499 868 ιι.
1527 800 1650 894 agita·
1698 863 1701 870 .

240 913 352 978 hatur
371 906 517 976 animus
532 913 582 974 est
599 908 637 973 in
651 910 725 975 cit.
738 909 768 972 6.
790 910 850 973 sed
865 926 966 974 sensu
979 906 1126 974 diverso.
1144 903 1281 974 uarius.
1301 916 1341 972 ut
1351 911 1443 991 opud
1457 903 1551 994 Virg.
1565 913 1648 976 Aen.

239 1031 269 1092 4.
281 1019 353 1096 669.
375 1010 520 1080 ιιιιιίιιιιι
540 1021 576 1078 et
596 1009 771 1098 mutabile
785 1008 1122 1104 ‚sempmsoeminm
1141 1031 1260 1079 sensus
1274 1011 1381 1098 igitur
1392 1014 1577 1079 verborum
1590 1015 1649 1078 hic

241 1130 302 1187 est:
322 1139 446 1205 perum
464 1101 499 1186 ei
519 1120 705 1202 constabat,
730 1119 817 1200 quid
836 1119 978 1186 eoniilii
997 1127 1141 1204 caperet.
1157 1119 1378 1203 paulopost
1397 1139 1503 1203 spem.
1532 1123 1608 1204 Vnt,
1621 1137 1649 1182 n.

239 1246 269 1304 4.
284 1229 313 1289 6.
334 1246 429 1308 spem
452 1220 625 1290 inarmis.
646 1227 730 1288 Ven.
744 1241 775 1302 4.
789 1224 879 1313 fide.
902 1225 1179 1291 terminationem
1196 1227 1232 1290 h.
1249 1223 1273 1285 l.
1302 1225 1386 1290 Ven.
1408 1244 1435 1288 ι.
1460 1232 1495 1290 et
1512 1225 1598 1288 Min.
1619 1242 1648 1287 o.

239 1337 389 1398 tuentur.
406 1349 630 1414 quoeunque
651 1326 870 1400 intenderat.
888 1329 973 1394 seii.
999 1329 1125 1395 animo.
1153 1327 1212 1394 cir.
1230 1329 1302 1398 Lis.
1319 1351 1346 1391 1.
1360 1330 1410 1392 ni.
1441 1324 1480 1392 in
1501 1323 1648 1392 minime
1709 1373 1711 1378 ·

211 1417 388 1534 Ι’ςιιιιιιιιι
414 1438 663 1522 spectaculum
694 1433 818 1500 animo
847 1432 1100 1501 intenduntur.
1127 1434 1176 1498 id.
1191 1451 1242 1511 4ι.
1259 1456 1305 1496 ιι.
1346 1426 1515 1518 oppidum
1537 1429 1647 1499 vineis

237 1560 452 1630 oppugnare
472 1539 641 1608 intendit.
653 1573 694 1606 ι,-
707 1535 806 1604 ἰιιιιι
824 1559 885 1630 eas
904 1549 1038 1606 morat.
1059 1535 1120 1602 cit.
1142 1557 1245 1626 supra
1267 1559 1296 1604 e.
1309 1554 1358 1622 47.
1379 1541 1474 1606 adde
1485 1539 1555 1600 Cat.
1568 1541 1596 1600 6.
1612 1545 1646 1600 et

237 1649 288 1720 46.
297 1667 409 1709 -res
419 1643 513 1736 suit.
528 1647 629 1710 Med.-
627 1665 663 1724 -7,
687 1645 840 1712 solemni
859 1623 1113 1753 permutatione
1141 1643 1322 1710 literarum
1349 1664 1368 1708 s
1392 1653 1481 1710 eta.
1512 1639 1644 1726 quain
1747 1675 1749 1682 v

233 1757 431 1831 portares:
450 1747 570 1832 affuit.
593 1753 682 1818 Med
697 1772 726 1829 9
746 1769 813 1813 rex
832 1727 1125 1835 adsuitpugnae.
1146 1750 1232 1815 Ven.
1247 1772 1273 1810 ι.
1294 1751 1387 1814 unde
1397 1757 1490 1833 petet
1496 1769 1646 1836 pugnae

238 1873 260 1915 a
279 1853 434 1918 librariis
465 1854 637 1935 additum,
667 1853 762 1933 quod
788 1850 943 1914 dativum
967 1851 1196 1932 necessarium
1224 1870 1296 1918 esse
1321 1855 1499 1938 putebant.
1534 1847 1650 1917 ceteri

238 1954 317 2043 ejus
338 1954 482 2022 milites.
504 1960 587 2025 Ven.
612 1977 638 2020 ι.
662 1957 747 2024 Min.
762 1972 790 2018 n.
813 1955 902 2020 Med.
916 1969 946 2030 4.
967 1955 1065 2018 Barh.
1081 1958 1109 2022 6.
1129 1975 1237 2038 quare
1257 1977 1394 2042 omnes,
1425 1961 1520 2040 qnod
1541 1957 1647 2022 ceteri

237 2061 480 2147 interponunt,
510 2063 667 2132 dubium.
686 2062 746 2126 sed
762 2061 801 2124 in
815 2060 943 2134 verbim
970 2057 1049 2148 ejus
1069 2055 1204 2128 milites
1224 2081 1269 2130 ne
1288 2081 1377 2128 nnus
1389 2063 1536 2145 quidem
1556 2061 1662 2140 liber*

239 2166 357 2230 variat.
378 2170 439 2232 sed
459 2174 550 2232 reete
572 2153 661 2232 Cori
683 2166 816 2250 statuit,
835 2164 956 2252 glossa
977 2167 1051 2232 hue
1074 2183 1146 2234 esse
1161 2167 1360 2252 simillima,
1379 2175 1414 2234 et
1432 2168 1510 2232 fieri
1522 2165 1647 2252 potuit,

239 2280 278 2333 ιιι
299 2291 422 2336 amnes
443 2272 524 2337 ideo
544 2277 736 2357 suspectum
758 2271 874 2352 fieret,
903 2272 999 2353 quod
1017 2267 1134 2338 ceteri
1160 2268 1239 2364 q'ru
1260 2291 1383 2338 omnes
1403 2266 1538 2337 milites
1561 2270 1648 2334 ferri

238 2376 310 2440 non
328 2395 439 2461 posse,
458 2375 553 2440 docti
565 2375 704 2442 librarii
717 2375 970 2464 intelligebant.
978 2396 1042 2462 pro
1053 2397 1250 2468 congressu
1265 2381 1356 2442 Cort.
1376 2376 1540 2442 audacius
1558 2395 1646 2442 eon·

240 2501 351 2554 eursu
372 2481 511 2563 recepit.
531 2477 727 2564 aliquanto
747 2503 916 2578 numero,
936 2480 1096 2550 hostium
1113 2503 1331 2568 paucorum.
1360 2483 1409 2548 ito
1427 2485 1519 2546 haud
1539 2481 1647 2546 dubie

237 2584 565 2670 interpungendum.
590 2586 749 2672 opposita
768 2595 849 2652 sunt
868 2585 1064 2671 aliquanto
1085 2609 1237 2655 numero
1259 2597 1294 2654 et
1307 2609 1527 2674 paucorum.
1555 2587 1648 2650 illud

237 2688 332 2755 enim
349 2689 550 2758 dictumest
566 2710 645 2777 pro:
665 2691 747 2760 satis
764 2677 901 2780 magno.
923 2691 1043 2758 tutati
1066 2703 1164 2758 sunt.
1186 2695 1290 2758 multi
1308 2693 1402 2758 libri.
1424 2713 1465 2758 ex
1485 2713 1534 2779 gr.
1555 2695 1646 2757 Med.

236 2812 310 2874 4.7
324 2818 353 2874 9.
374 2799 447 2860 Vat.
466 2821 492 2862 ι.
506 2799 555 2862 ni.
584 2796 623 2860 in
651 2803 778 2862 tutata
804 2805 1015 2916 postremam
1041 2799 1213 2881 syllabam
1239 2799 1368 2864 delevit
1392 2801 1528 2867 Mein.
1560 2805 1646 2861 tuta

240 2899 359 2964 hebet
355 2903 448 2966 ·.Ven
468 2923 498 2966 ι.
524 2902 644 2974 vua.
663 2919 710 2964 ιιι.
731 2919 782 2983 pr.
803 2900 841 2966 in
862 2908 956 2964 tantu
975 2899 1141 2970 varietate
1161 2903 1247 2968 certi
1273 2903 1360 2985 quid
1383 2911 1530 2968 statuere
1555 2899 1647 2966 diffi-

307 3049 398 3194 6167.
418 3079 544 3175 LXXV
572 3105 768 3192 impensius
792 3111 911 3176 modo.
942 3109 1183 3195 videsnprec.
1197 3126 1247 3190 47.
1276 3107 1317 3175 id
1334 3107 1515 3193 oppidum.
1542 3052 1646 3175 multi
1783 3181 1791 3194 ‚

242 3215 336 3279 libri.
357 3218 442 3284 Ven.
457 3231 486 3276 ι.
502 3219 530 3278 6.
551 3215 624 3280 Vnt.
640 3230 669 3284 tt·
682 3217 711 3284 6,.
724 3231 755 3292 4.
776 3216 867 3280 Med.
884 3236 910 3275 ι.
924 3216 953 3277 6.
968 3215 996 3278 8.
1010 3236 1040 3296 9.
1062 3216 1159 3280 Barb.
1174 3232 1204 3292 4.
1218 3218 1247 3290 ,6.
1271 3223 1307 3280 et
1327 3211 1369 3280 id
1379 3211 1499 3298 oppid.
1513 3219 1603 3282 Med.
1615 3235 1645 3294 4.

238 3323 298 3386 sed
320 3339 432 3401 neque
453 3315 505 3403 in,
524 3339 637 3403 neque
659 3320 703 3385 id
719 3321 848 3386 habent
859 3323 934 3387 Vut.
949 3323 979 3386 8.
1000 3322 1090 3399 Med.
1104 3343 1134 3402 7.
1155 3339 1232 3404 quae
1249 3322 1343 3386 haud
1358 3321 1464 3386 dubie
1476 3317 1647 3407 ‘prestan-

238 3425 368 3490 tissima
390 3435 447 3490 est'
460 3425 575 3492 lectio.
596 3445 660 3511 pro
680 3421 746 3492 uti
763 3425 864 3490 multi
880 3425 965 3506 libri
985 3423 1115 3509 ibique.
1127 3464 1169 3480 -
1189 3420 1248 3490 iii.
1270 3429 1361 3492 Med.
1375 3427 1404 3490 8.
1425 3430 1563 3492 multus
1574 3450 1646 3512 pu.
1737 3413 1744 3428 ¹

238 3525 369 3594 critiae
400 3532 530 3593 cultus.
551 3549 674 3614 parum
705 3539 795 3596 recte
814 3533 905 3596 cort.
928 3533 1001 3598 hee
1025 3532 1284 3616 interpretatur:
1315 3532 1491 3614 Heluian
1522 3535 1645 3602 melius

237 3634 586 3700 Tertu11.dehabitu
608 3633 764 3700 mulieris
784 3657 812 3699 c.
826 3651 855 3713 4.
878 3633 941 3701 ille
961 3636 1049 3721 (scil.
1067 3632 1230 3721 cultus)
1214 3658 1253 3702 ιιι
1274 3659 1369 3706 auro
1391 3649 1595 3727 etargento
1611 3649 1654 3703 et.
1684 3657 1686 3663 ⁴

235 3717 386 3827 genimis
406 3748 441 3803 et
463 3736 615 3806 vestibus
636 3739 904 3824 deputatur.-
923 3743 997 3808 hee
1019 3741 1180 3807 etismh.
1202 3742 1225 3804 1.
1246 3743 1488 3828 intelligende;
1509 3762 1585 3824 qnae
1604 3753 1642 3808 ut

238 3854 399 3926 servaret,
417 3846 588 3930 iugurtha
607 3846 698 3912 hsnn
716 3846 837 3912 urbem
856 3846 988 3928 petivit.
1023 3844 1063 3910 in
1082 3841 1215 3929 spatio.
1237 3842 1274 3910 in
1296 3865 1363 3910 οιιι.
1385 3847 1512 3910 Minu
1537 3856 1644 3934 reete,

240 3951 269 4012 si
291 3949 375 4030 quid
396 3950 507 4014 video.
528 3949 638 4033 spolio
654 3949 750 4016 enim
769 3969 831 4034 per
849 3951 1118 4036 appositionem,
1148 3954 1192 4015 ad
1213 3954 1332 4018 verba:
1365 3951 1463 4016 inter·
1490 3953 1643 4018 Thalam

229 4049 459 4138 flumenque,
491 4052 661 4131 adjectum
687 4060 747 4118 est.
777 4051 855 4140 ejus
883 4051 1008 4138 oppidi
1023 4051 1060 4119 si
1071 4053 1218 4140 potitus
1226 4052 1345 4146 foret.
1367 4061 1451 4124 Ven.
1462 4073 1492 4134 4.
1514 4077 1555 4122 eo
1577 4054 1645 4122 im-

234 4153 355 4238 ponit.
377 4158 424 4220 ita
445 4155 549 4224 etiarn
572 4159 662 4222 Med.
676 4173 704 4227 e.
721 4181 750 4239 7.
763 4160 791 4221 8.
814 4166 998 4241 portaret.
1034 4161 1244 4248 singularem
1275 4164 1378 4228 etiam
1405 4168 1439 4228 h.
1468 4165 1495 4234 1.
1526 4183 1645 4230 omnes

241 4261 327 4326 libri
346 4261 436 4329 Itali.
457 4259 671 4332 confirment.
696 4263 776 4336 vide
796 4267 841 4332 sd
864 4266 935 4332 Cet.
950 4269 999 4344 46.
1022 4263 1087 4330 uti
1099 4275 1251 4351 praesto
1270 4263 1354 4332 sint.
1376 4271 1448 4339 Vet.
1464 4290 1493 4336 2.
1512 4277 1550 4334 ut
1569 4270 1649 4358 plu·
