4106 4974
383 329 458 424 204

384 522 557 606 celerique
576 517 659 608 iuga
677 517 823 586 salutem
840 520 1016 605 peterent,
1044 515 1089 580 ab
1116 511 1241 606 iisdem
1261 512 1377 580 media
1400 517 1501 582 nocte
1522 518 1569 580 ad
1589 514 1791 584 Ciceronem

314 661 316 666 ·
385 633 517 704 delataex
532 634 623 693 sunt.
652 624 911 709 quodquidam
947 624 978 689 si
1008 622 1090 694 satis
1120 629 1250 691 certum
1280 628 1372 705 ent,
1397 623 1465 686 hcc
1492 643 1564 686 uno
1591 623 1790 690 testimonio

360 720 365 729 ’
385 740 523 800 Crassus
542 733 586 796 ab
607 730 704 795 omni
724 749 796 798 non
817 733 923 796 modo
943 730 1084 814 probro,
1102 730 1163 792 sed
1185 725 1290 792 etiam
1309 725 1505 811 suspicione
1525 727 1666 792 delendi
1686 739 1792 815 potu·

381 842 449 906 isse
469 838 615 902 videtur.
649 835 716 899 Sed
737 835 924 919 speciosius
945 837 1048 902 credo
1059 876 1070 918 ,
1102 851 1206 915 quam
1230 830 1345 898 verius
1365 830 1530 896 Sduuius
1548 833 1617 898 hcc
1638 833 1791 906 testimo-

383 944 484 1008 nium
508 961 580 1009 esse
610 939 717 1004 duxit.
761 940 849 1004 Cum
879 941 975 1006 enim
1002 961 1075 1006 non
1102 935 1216 1002 solum
1241 937 1287 1000 ad
1316 938 1500 1021 Crassum,
1521 939 1582 1002 sed
1609 937 1713 1004 etiam
1743 943 1815 1004 ad·

385 1048 473 1114 alios
493 1045 628 1111 nobiles
649 1064 670 1106 a
689 1042 875 1124 conjuratis
906 1047 1018 1112 literae
1044 1044 1157 1110 missae
1178 1049 1309 1127 esent,
1335 1039 1413 1106 fieri
1439 1040 1498 1106 vix
1517 1041 1649 1127 potuit,
1677 1052 1718 1109 ut
1744 1047 1791 1110 de

383 1149 652 1218 sceleratissimis
665 1148 744 1216 istis
761 1149 916 1214 consiliis
938 1149 1033 1214 nihil
1049 1148 1232 1214 hominum
1252 1144 1469 1212 sermonibus
1488 1149 1789 1231 percrebresceret.

382 1259 521 1320 Crassus
539 1254 662 1340 igitur,
682 1273 786 1334 quem
805 1263 1000 1338 suspectum
1019 1253 1125 1340 inisse
1145 1252 1231 1318 satis
1246 1259 1394 1335 constat,
1412 1271 1456 1318 ne
1476 1250 1586 1330 majus
1607 1254 1711 1324 etiam
1725 1275 1788 1324 ex-

380 1357 602 1424 istimationis
615 1357 859 1422 detrimentum
872 1355 1014 1444 iaceret,
1032 1352 1180 1443 pub'licae
1190 1357 1310 1432 salutis
1324 1375 1439 1421 curam
1457 1355 1646 1444 simulavit,
1664 1367 1700 1426 et
1710 1379 1790 1442 que

380 1465 487 1532 celari
506 1481 578 1526 non
600 1471 776 1546 poterant,
806 1463 928 1527 doloso
954 1462 1101 1527 consilio
1128 1461 1271 1544 aperuit.
1311 1461 1475 1546 Accedit,
1506 1465 1602 1544 quod
1621 1465 1688 1529 hoc
1707 1473 1789 1532 ante

381 1577 519 1634 senatus
540 1567 747 1650 consultum,
767 1585 798 1630 a.
819 1570 854 1643 d,
875 1569 950 1641 ΧΠ,
973 1567 1043 1630 Cal.
1062 1569 1147 1630 Nor.
1169 1565 1309 1650 factum,
1327 1557 1596 1652 accideransod
1616 1567 1788 1634 indicium

380 1672 582 1757 Tarquinii,
609 1690 679 1753 quo
712 1673 851 1734 Crassus
879 1673 923 1736 de
949 1669 1199 1750 conjurationis
1226 1669 1387 1736 societate
1417 1681 1590 1740 accusatus
1610 1681 1677 1757 est,
1705 1682 1788 1740 ante

380 1779 474 1843 diem
495 1779 555 1850 111.
580 1781 666 1841 Non.
686 1779 767 1842 Dec.
789 1775 936 1856 iactum
956 1796 1089 1859 neque,
1107 1777 1202 1858 quod
1223 1784 1323 1840 antea
1342 1795 1379 1840 se
1398 1778 1531 1842 bonum
1549 1777 1790 1862 simulaverat,

381 1884 465 1962 inde
486 1882 607 1968 colligi
626 1880 758 1966 potuit,
779 1901 858 1946 eum
877 1889 995 1965 postea
1009 1877 1105 1944 omni
1122 1880 1224 1965 culpa
1242 1901 1388 1950 vacuum
1408 1879 1524 1946 tuisse.
1556 1883 1660 1946 Recte
1679 1881 1788 1968 igitur

378 1988 545 2052 Salustius
566 1985 696 2070 omisit,
719 2005 797 2068 quse
815 1988 860 2050 ad
881 2005 957 2051 eam
977 2005 1069 2069 rem,
1090 1971 1141 2050 <ltax
1155 2006 1225 2067 qua
1244 1985 1450 2071 disputarit,
1470 1985 1563 2050 nihil
1584 1987 1689 2069 plane
1707 2007 1788 2070 per-

378 2093 569 2160 tinuerunt.
588 2129 632 2144 -
655 2093 722 2158 Sed
744 2091 916 2157 ciceronis
936 2111 990 2155 res
1009 2099 1118 2178 gestas
1137 2093 1232 2173 quod
1252 2090 1394 2175 attinet,
1413 2091 1522 2154 multa
1542 2089 1668 2154 omissa
1686 2100 1788 2176 sunt,

379 2221 454 2283 quae
474 2220 536 2264 cur
554 2205 674 2280 auctor
693 2196 833 2263 silentio
852 2195 1123 2283 pretermiserit,
1150 2199 1245 2261 haud
1272 2193 1374 2263 facile
1394 2204 1444 2260 est
1468 2199 1514 2262 ad
1534 2196 1787 2288 explicandum.
1815 2221 1820 2232 ·

378 2305 535 2370 Ridiculi
555 2305 696 2386 quidem
716 2311 817 2388 sunt,
835 2303 898 2384 qui
915 2302 1064 2366 Salustio
1084 2302 1172 2367 vitio
1191 2307 1345 2387 vertunt,
1366 2303 1461 2384 quod
1482 2303 1649 2368 Caesarem
1670 2311 1704 2368 et
1724 2306 1789 2384 Ca·

378 2419 497 2477 tonem
516 2410 733 2496 potissimum
753 2407 1051 2494 praestantissimos
1075 2408 1167 2476 viros
1189 2408 1293 2474 illius
1313 2407 1422 2474 aetatis
1442 2405 1589 2493 dixerit,
1618 2429 1697 2471 cum
1717 2408 1787 2494 ipsi

379 2515 538 2579 Ciceroni
556 2518 646 2578 hanc
665 2515 803 2578 laudem
824 2514 1044 2580 tribuendam
1065 2535 1136 2584 ease
1155 2521 1314 2582 statuant
1334 2515 1444 2600 Quem
1455 2531 1628 2578 summum
1641 2514 1785 2596 quidem

330 2684 334 2691 ,
379 2617 494 2681 virum
509 2617 589 2693 jure
610 2617 757 2700 dixeris,
776 2621 837 2683 sed
858 2617 969 2680 animi
982 2618 1232 2706 excelsitatem,
1250 2621 1360 2684 robur
1378 2627 1481 2702 atque
1499 2619 1790 2704 magnitudinem,

383 2737 460 2806 quar
479 2719 663 2807 praecipua
682 2719 760 2784 laus
783 2720 927 2784 illorum
946 2721 1101 2786 viromm
1122 2732 1190 2808 est,
1217 2743 1290 2812 non
1310 2725 1467 2806 aequauit.
1508 2725 1653 2789 Illorum
1673 2743 1786 2808 mores

382 2826 655 2913 descripsitSal.,
675 2829 768 2922 quqd
788 2825 1096 2914 iniissingndarem
1105 2833 1278 2912 quandam
1288 2828 1397 2894 animi
1405 2830 1606 2917 ingeniique
1615 2829 1686 2894 vim
1698 2837 1786 2910 etea

377 2933 595 3019 potissimum
615 2933 728 2998 studia
748 2931 947 3021 cognovisse
967 2934 1036 2998 sibi
1055 2935 1149 3001 visus
1169 2944 1234 3021 est,
1254 2956 1331 3018 quae
1350 2945 1425 3000 tum
1444 2927 1784 3021 temporis'inpepu·

376 3039 469 3104 blica
489 3041 636 3106 maxime
656 3021 827 3106 celebrata
847 3047 954 3104 erant.
981 3043 1076 3125 quod
1093 3041 1267 3128 sispectas
1281 3040 1485 3126 consilium,
1506 3039 1786 3107 Ciceronismen-

377 3145 428 3208 tio
448 3144 524 3208 fieri
543 3145 601 3208 vix
619 3155 762 3228 poterat.
789 3147 856 3210 Sed
875 3147 946 3211 alia
963 3155 1063 3233 sunt,
1082 3169 1159 3232 quae
1178 3147 1275 3212 salva
1292 3147 1405 3232 prima
1423 3145 1576 3213 historiar
1588 3147 1666 3232 lege
1680 3146 1785 3228 omit.

377 3249 407 3314 ti
426 3269 498 3314 non
517 3247 669 3333 potuisse
693 3251 867 3316 videntur.
903 3251 1058 3314 Primum
1079 3251 1236 3317 omnium
1255 3254 1336 3318 satis
1361 3261 1509 3338 constat,
1526 3251 1707 3316 Ciceronis¹
1726 3253 1784 3316 in·

380 3355 503 3438 primis
535 3353 699 3438 consilio,
739 3353 855 3417 studio
876 3360 980 3436 atque
1009 3374 1114 3440 opera
1132 3355 1259 3433 iactum
1279 3358 1415 3444 fuisse,
1447 3366 1487 3422 ut
1506 3366 1639 3422 tantum
1659 3365 1693 3422 et
1713 3367 1785 3422 tam

342 3465 475 3536 w-atrox
494 3457 687 3539 periculum
707 3476 727 3520 a
749 3458 927 3540 republica
946 3458 1051 3524 inerit
1072 3462 1263 3545 depulsum.
1295 3465 1336 3527 ld
1357 3465 1452 3546 quod
1463 3463 1631 3528 Salustius
1640 3462 1784 3546 uiridem
1828 3439 1841 3455 ⁶

378 3571 413 3628 et
434 3561 507 3646 ipse
528 3556 717 3644 significat,
735 3561 797 3620 sed
816 3576 888 3619 non
907 3560 989 3622 satis
1009 3561 1198 3626 illustrasse
1216 3566 1364 3636 videtur.
1386 3567 1446 3632 cir.
1458 3589 1530 3654 cap.
1549 3573 1596 3633 aa.
1609 3567 1668 3632 fin.
1681 3576 1715 3634 et
1731 3569 1784 3656 26,

378 3685 427 3751 a7.
443 3685 493 3750 ²9·
510 3671 560 3730 31.
582 3666 672 3734 med.
685 3679 735 3742 41.
749 3677 799 3740 44.
815 3663 865 3744 45.
879 3664 927 3759 46.
939 3664 989 3741 48.
1006 3679 1057 3745 49.
1090 3666 1184 3754 Quin
1205 3669 1277 3738 imo
1297 3670 1456 3759 fuerunt,
1476 3674 1538 3756 qui
1560 3676 1665 3739 verba
1688 3671 1785 3759 capi..

377 3773 421 3836 tis
434 3777 482 3841 26.
503 3767 685 3856 nequeilli
694 3779 815 3838 tamen
827 3771 879 3836 ad
895 3773 1090 3838 cavendum
1104 3776 1282 3842 deluserat
1290 3776 1453 3860 astutiae
1462 3780 1612 3844 deornm
1622 3799 1663 3844 eo
1670 3777 1784 3844 consi·

382 3876 433 3942 lio
444 3878 488 3938 ab
502 3888 639 3944 auctore
655 3880 746 3944 dicta
760 3887 962 3962 statuerent,
981 3890 1020 3945 ut
1032 3880 1129 3945 laudi
1138 3881 1315 3948 Ciceronis
1325 3885 1539 3950 obtrectaret.
1556 3887 1623 3950 Sed
1630 3905 1702 3950 non
1713 3892 1783 3947 tam
1877 3931 1885 3948 .

295 4037 298 4043 .
379 4001 420 4048 ea
428 3979 565 4064 iis,quae
583 3981 789 4064 dixidquam
801 4003 840 4045 ex
851 3982 1233 4070 iis,quae,cumdicenda
1244 3986 1540 4072 fuissent,silentio
1549 3988 1785 4074 pretermisit,

377 4085 554 4156 Ciceronis
561 4085 659 4147 laudi
671 4105 748 4148 eum
756 4085 920 4151 invidisse
931 4089 1033 4152 multi
1043 4093 1224 4178 colligunt.
1236 4094 1372 4176 Quanto
1379 4112 1454 4156 oum
1463 4093 1578 4157 studio
1587 4095 1708 4159 Cicero
1719 4095 1785 4156 Ca·

377 4194 486 4262 tilinae
501 4188 930 4280 consiliisobviamiverit,
950 4185 1531 4284 cumaliamultatestimoniosunt,
1551 4207 1625 4264 tum
1636 4199 1788 4286 quodeo
