4108 4976
386 401 460 478 29⁰

386 577 453 642 bus
471 577 574 644 libris
593 576 789 658 obsecutus,
818 569 1041 676 participium
1066 587 1131 654 pro
1151 567 1327 649 infinitivo
1356 575 1595 656 reponendum
1615 593 1687 640 esse
1702 575 1800 655 judi-

390 682 474 746 cavi.
502 679 589 766 equi
614 677 907 760 Numidaeque*
952 675 1126 766 ofortius
1153 674 1203 740 ita
1228 675 1392 760 explicat:
1433 678 1565 759 equites
1596 681 1806 766 peditesque*

387 773 544 852 Numidae
550 811 565 869 ,·
590 786 693 851 etsie
720 679 1043 902 saepissime&
1066 780 1232 866 virosque
1251 781 1336 866 poni
1356 769 1491 868 statuit,
1516 793 1555 848 ut
1576 787 1642 850 boc
1659 786 1798 870 equites

388 893 480 956 illud
493 895 635 978 pedites
655 893 828 958 denotet.»
849 891 943 972 quod
969 891 1111 970 quadem
1138 895 1257 950 contra
1281 888 1463 974 sehabet,
1491 893 1586 972 quod
1612 895 1796 1000 ¹vernacula
1855 898 1860 908 '

388 998 495 1062 dictio
521 997 607 1062 huic
630 997 810 1062 simillima
844 1016 924 1061 eum
953 997 1077 1058 docere
1097 1000 1241 1077 poterat.
1268 1011 1380 1074 neque
1401 1003 1492 1059 recte
1523 997 1663 1062 Florum
1678 1015 1707 1062 a.
1720 1022 1749 1083 7.
1762 1003 1792 1063 8.

386 1124 499 1188 neque
519 1103 610 1168 infra
624 1123 697 1189 cap.
710 1106 760 1170 ἐι.
779 1102 943 1170 laudavit.
964 1121 1045 1164 nam
1067 1098 1165 1182 equis
1184 1098 1336 1183 virisque
1356 1099 1492 1182 aliquid
1508 1099 1619 1168 iacere
1639 1103 1793 1189 (cincio.

387 1205 454 1272 Off.
467 1215 497 1274 3.
518 1209 577 1274 fin.
597 1219 631 1276 et
650 1211 833 1296 EppAEam.
847 1228 877 1289 9.
891 1206 936 1291 7.)
957 1215 1006 1272 est
1027 1206 1125 1270 omni
1146 1215 1270 1270 conatu
1291 1224 1408 1291 agere,
1430 1213 1560 1272 tentare
1580 1210 1714 1288 omnia,
1740 1211 1794 1275 ni·

383 1315 436 1380 bil
460 1317 534 1382 non'
551 1318 725 1394 omittere,·
746 1324 867 1400 cetera,
882 1333 962 1396 quar
982 1311 1136 1377 laudavit
1152 1311 1304 1398 (lortius,
1324 1332 1395 1376 non
1417 1321 1495 1376 sunt
1513 1313 1616 1394 hujus
1634 1315 1714 1380 loci.
1736 1314 1793 1379 in-

386 1420 488 1488 certi.
507 1423 640 1506 passive
658 1425 735 1486 Tac.
755 1423 844 1490 Ann.
858 1426 888 1488 3.
900 1436 950 1496 42.
971 1421 1110 1484 Florus
1131 1415 1282 1484 incertis
1301 1415 1452 1484 latebris
1466 1414 1793 1510 victorsssrustra‘·

384 1531 458 1588 tur.
478 1526 528 1589 ita
546 1526 731 1612 sepissime
749 1547 907 1614 gnarus,
937 1521 1092 1614 ignarus
1112 1527 1205 1610 apud
1221 1525 1328 1588 Tacit.
1349 1545 1478 1590 caecus
1498 1527 1591 1609 apud
1608 1526 1702 1613 virg.
1730 1526 1792 1596 cfr.

385 1633 457 1698 Cat.
479 1633 526 1694 16.
539 1636 590 1712 39.
611 1624 785 1696 incautus
805 1651 861 1716 ap.
879 1632 1061 1698 Taouion.
1079 1654 1105 1692 1.
1119 1632 1168 1696 sn
1189 1627 1331 1696 nescius
1352 1651 1406 1716 ap.
1421 1631 1531 1695 Plaut.
1549 1634 1682 1696 Rud.6.
1699 1653 1726 1693 1.
1742 1654 1791 1714 ¹7·
1887 1669 1893 1681 ·

383 1735 583 1801 obscurati.
602 1737 762 1819 prevalet
783 1755 892 1822 genus
911 1756 1081 1822 personae,
1098 1734 1245 1800 maxime
1268 1758 1346 1810 cum
1367 1737 1590 1802 masculinum
1606 1737 1660 1821 sit,
1680 1745 1793 1804 ursa-

369 1841 469 1925 ,piua
489 1841 548 1904 cir.
557 1842 694 1906 Terent.
714 1840 844 1906 Andria
857 1843 887 1908 5.
901 1847 930 1906 3.
944 1858 993 1909 ao.
1022 1843 1162 1924 domna,
1183 1863 1299 1926 uror,
1312 1837 1421 1906 liberi
1439 1837 1575 1910 inventi
1592 1838 1705 1907 invito
1720 1863 1792 1926 pa·

382 1955 449 2015 tre.
469 1946 624 2030 quamvis
644 1949 770 2011 borum
790 1947 948 2034 locorum
968 1947 1103 2010 diversa
1124 1946 1169 2009 sit
1189 1947 1299 2026 ratio;
1327 1947 1511 2011 verborum
1540 1946 1634 2011 euim
1658 1947 1790 2031 positus

380 2054 419 2117 in
449 2053 504 2117 his
531 2053 709 2118 structuris
737 2051 1054 2138 plurimumyalet.
1079 2072 1210 2140 agmen
1231 2047 1438 2118 constituit.
1466 2051 1612 2117 varietas
1631 2053 1789 2118 lectionis

380 2162 523 2224 suadere
563 2159 705 2242 quidem
742 2159 892 2244 videtur,
930 2165 969 2222 ut
1008 2177 1129 2223 vocem
1171 2154 1347 2222 insolitam
1377 2159 1425 2222 ab
1464 2167 1603 2225 auctore
1643 2157 1789 2245 positam

383 2283 454 2330 esse
474 2273 678 2349 statuamus,
699 2263 794 2344 cujus
814 2265 1025 2350 explicanda
1045 2263 1156 2350 gratia
1175 2264 1360 2348 lectiones,
1379 2283 1456 2346 quae
1473 2275 1618 2350 exstant,
1642 2285 1663 2328 a
1682 2264 1790 2328 libra-

379 2369 443 2434 riis
462 2371 658 2458 excogitata
674 2392 744 2436 esse
764 2371 961 2452 videantur3
992 2373 1052 2436 sed
1073 2390 1151 2432 cum
1168 2368 1402 2434 solusFabric.
1423 2371 1519 2436 Ririi
1540 2365 1710 2438 constitit
1727 2371 1788 2434 ba.

379 2476 476 2562 beat,
501 2501 578 2542 cum
599 2481 714 2562 lapsus
734 2477 957 2542 librariorum
978 2478 1017 2542 in
1038 2476 1093 2541 his
1112 2476 1255 2542 vocibus
1278 2476 1452 2542 mutandis
1474 2477 1676 2563 facillimus,
1709 2495 1787 2541 cum

381 2585 537 2666 exempla
557 2584 686 2666 desint,
715 2583 841 2665 quibus
859 2584 1042 2652 auctoritas
1066 2583 1169 2662 hujus
1194 2582 1458 2668 significationis
1486 2583 1727 2667 confirmetur,
1747 2581 1786 2646 in

376 2689 526 2754 lectione
555 2689 767 2774 optimorum
796 2694 904 2753 codd.
934 2689 1219 2771 acquiescendum
1242 2709 1314 2753 esse
1334 2690 1464 2774 putavi.
1494 2711 1570 2773 quae
1591 2689 1681 2754 enim
1702 2681 1788 2752 affe-

378 2806 457 2858 runt
479 2796 570 2878 loca,
588 2795 650 2859 ubi
672 2793 871 2861 consistere
891 2797 999 2860 active
1015 2803 1208 2878 usurpatur,
1224 2803 1287 2856 aut
1309 2796 1353 2857 ad
1373 2795 1478 2860 aliam
1499 2793 1787 2882 significationem

379 2901 569 2986 pertinent,
591 2912 629 2964 ut
650 2905 783 2967 Lucret.
797 2907 826 2966 6.
843 2925 892 2968 ro.
918 2913 950 2966 et
972 2901 1061 2965 Gell.
1075 2905 1105 2964 5.
1123 2921 1170 2965 to.
1190 2908 1248 2963 aut
1268 2898 1371 2964 lectio
1392 2901 1499 2964 tlubia
1518 2909 1584 2985 est,
1604 2909 1642 2964 ut
1660 2900 1722 2964 Sil.
1738 2902 1785 2963 15.

376 3010 447 3088 637.
472 3007 610 3074 Caesaris
636 3009 726 3096 loco,
753 3031 856 3093 quem
884 3011 1041 3093 laudant,
1072 3011 1107 3069 B.
1125 3005 1198 3070 Civ.
1213 3023 1241 3074 a.
1254 3023 1305 3083 ta.
1326 3026 1368 3071 ex
1386 3009 1493 3070 Codd.
1514 3007 1638 3071 rectius
1659 3007 1786 3091 legitur

377 3111 584 3183 constituit.
613 3136 689 3197 quar
716 3117 858 3198 quidem
878 3137 944 3182 vox
964 3114 1046 3180 satia
1066 3114 1200 3177 usitata.
1229 3111 1288 3180 cir.
1310 3112 1470 3182 Oudend.
1493 3115 1537 3176 ad
1561 3115 1640 3178 Caes.
1661 3112 1685 3180 1.
1706 3113 1730 3180 l.
1751 3123 1786 3180 ct

376 3217 449 3281 Liv.
463 3219 513 3281 38.
527 3203 576 3281 ai.
609 3218 805 3285 constituit
832 3243 972 3311 agmen.
1002 3221 1050 3282 id.
1064 3224 1113 3302 33,
1131 3240 1176 3282 ro.
1189 3223 1240 3302 34,
1254 3236 1303 3280 to.
1325 3214 1563 3282 commutatis
1584 3199 1783 3286 ordinibus.

375 3324 696 3414 scilicctcumantea
705 3327 873 3390 totaacies
883 3325 1163 3409 itaprocessisset,
1173 3322 1449 3405 quasiatlumiue
1458 3323 1566 3387 hostis
1576 3325 1784 3408 adventaret,

369 3425 442 3506 jam
462 3435 598 3493 mutatis
619 3432 814 3516 ordinibus,
836 3434 993 3496 dextrum
1013 3429 1103 3494 latus
1124 3431 1238 3515 prima
1261 3429 1351 3500 acies
1369 3428 1475 3514 facta,
1493 3429 1784 3513 atqucsubsidiis,

295 3589 300 3600 ,
374 3549 462 3614 quae
483 3551 569 3615 opus
591 3533 813 3616 videbantur,
846 3535 980 3596 firmata
1004 3542 1064 3596 est.
1093 3531 1300 3616 triplicibus
1318 3531 1453 3600 subsid.
1474 3535 1499 3603 i.
1523 3556 1552 3600 e.
1575 3555 1644 3598 non
1666 3534 1782 3618 tripli-

373 3655 446 3702 cem
460 3633 569 3702 aciem
586 3635 763 3722 instruxit,
789 3638 848 3700 sed
868 3645 1024 3719 quartam
1042 3636 1177 3720 adjecit,
1205 3647 1242 3701 ut
1258 3641 1368 3704 Caesar
1385 3640 1423 3703 in
1439 3661 1556 3726 pugna
1576 3639 1783 3708 Pharsalica·

374 3738 473 3808 inter
492 3746 710 3829 manipulos.
732 3743 793 3808 cir.
805 3742 879 3807 Lis.
891 3745 920 3807 8.
935 3748 964 3808 8.
985 3743 1107 3827 Polyb.
1123 3745 1152 3813 6,
1168 3764 1217 3824 ι9.
1235 3743 1314 3809 vide
1332 3743 1442 3811 aciem
1462 3744 1651 3829 aScipione
1665 3746 1710 3806 ad
1721 3747 1782 3808 Za·

372 3864 465 3910 nram
486 3850 695 3913 instructam.
715 3849 789 3914 Lis.
801 3854 851 3918 3ο.
865 3854 914 3913 33.
935 3850 998 3915 ubi
1017 3850 1140 3916 itidem
1151 3851 1322 3937 manipuli
1339 3850 1553 3933 aliquantum
1566 3851 1706 3924 interae
1727 3848 1781 3914 di-

369 3953 517 4019 stabant.
547 3951 749 4036 equitatum
771 3977 922 4024 omnem.
942 3957 1149 4037 adjectivum
1164 3961 1256 4043 apud
1268 3958 1425 4022 Cortium
1442 3957 1623 4042 omissum,
1644 3955 1781 4020 incuria

369 4060 666 4147 typographorum
696 4065 809 4126 credo.
832 4058 1052 4129 transvorsis
1074 4061 1280 4149 principiis.
1305 4059 1494 4148 principia
1519 4083 1584 4150 pro
1607 4062 1779 4126 militibus

369 4169 507 4253 dictum,
521 4167 584 4252 qui
603 4166 643 4232 in
651 4167 825 4254 principio
840 4169 928 4234 aciei
944 4169 967 4234 i.
986 4190 1016 4236 e.
1036 4169 1073 4234 in
1090 4170 1212 4256 primis
1222 4167 1417 4255 ordinibus,
1433 4189 1494 4236 seu
1506 4167 1671 4234 intirontc
1682 4185 1780 4230 exer-

368 4270 455 4342 citus
475 4284 594 4342 contra
613 4276 748 4348 hostem
765 4275 924 4346 instructi
939 4284 1028 4346 suut.
1048 4274 1111 4355 cir,
1124 4277 1197 4341 Iis.
1212 4293 1241 4342 a.
1253 4274 1314 4344 fin.
1334 4275 1478 4344 Sisenna
1492 4295 1546 4363 ap.
1560 4279 1649 4342 Non.
1664 4289 1692 4338 a.
1705 4273 1778 4337 ⁵16.
