4116 4970
1604 381 1657 481 67-

262 603 339 652 mus
358 591 408 652 est
425 585 522 660 locus
540 585 579 650 in
598 587 660 672 Ep.
681 601 711 660 a,
733 589 777 652 de
795 589 881 672 Rep.
902 587 987 650 Ord.
1007 579 1154 652 malitia
1168 578 1348 677 praemiis
1365 583 1571 680 coerceam
1591 569 1657 643 uli

264 711 307 754 ea
319 688 513 776 demseris,
526 690 799 758 rtemoomnium
816 689 989 780 gratuito
1009 694 1130 756 malus
1151 700 1218 759 est.
1238 699 1271 754 et
1291 689 1363 752 Liv.
1380 708 1408 749 ι.
1422 701 1472 765 47.
1502 703 1550 754 rte
1565 701 1656 769 gra·

227 815 236 830 “
263 790 362 858 tuita
362 793 572 879 praeterita
577 793 790 878 parricidia
800 805 926 860 essent.
945 797 1011 860 Sed
1022 797 1139 880 priore
1154 795 1232 860 loco
1247 801 1389 879 propter
1399 787 1556 874 opposita
1568 805 1657 874 gra·
1772 823 1773 826 =

263 895 363 964 tuito
371 899 420 962 ita
438 901 678 984 explicandum
688 907 753 982 est,
769 898 899 962 etLivii
911 898 1027 962 locum
1036 900 1076 962 in
1098 907 1279 978 utramque
1288 903 1420 980 partem
1428 890 1652 976 interpretari

261 1000 353 1066 licet.
374 1007 497 1067 Nostro
518 1004 659 1084 quidem
678 1002 777 1085 loco,
796 1022 873 1082 quae
882 1004 1078 1085 precedunt
1096 999 1132 1066 si
1151 1021 1264 1066 cauto
1279 994 1546 1082 peccandietc,
1567 1013 1657 1078 eum,

262 1126 366 1187 quem
386 1106 473 1190 dixi,
488 1107 590 1185 hujus
609 1107 679 1170 loci
699 1125 836 1169 sensum
855 1125 926 1170 esse
945 1107 1181 1190 comprobant.
1200 1103 1341 1168 Sullani
1353 1100 1487 1167 milites
1506 1101 1532 1168 i.
1540 1120 1569 1166 e.
1588 1101 1658 1168 Vs·

262 1211 383 1295 terani,
404 1230 491 1291 quos
510 1212 628 1276 Cicero
643 1213 702 1278 Or.
711 1211 749 1274 in
759 1211 858 1278 Catil.
879 1229 908 1272 a.
923 1231 952 1290 9.
979 1219 1113 1274 tantum
1132 1210 1221 1274 aeris
1243 1209 1351 1273 alieni
1378 1207 1583 1272 contraxisse
1604 1205 1658 1268 di.

263 1314 331 1398 cit,
348 1325 387 1378 ut
406 1315 436 1378 si
455 1315 540 1378 salvi
560 1335 631 1378 esse
650 1316 760 1378 velint
770 1363 781 1396 ,
800 1315 897 1380 Sulla
914 1316 957 1376 ab
978 1315 1022 1378 iis
1040 1314 1161 1380 inieris
1179 1313 1224 1377 sit
1244 1313 1452 1379 excitandus.
1472 1311 1533 1376 cir.
1553 1309 1658 1393 supra

262 1436 395 1503 capas.
414 1427 449 1482 et
468 1419 560 1482 inira
578 1439 606 1482 c.
620 1424 671 1500 37.
692 1417 731 1482 irs
752 1416 921 1484 extremis
941 1417 1062 1483 terris.
1092 1417 1152 1480 cir.
1173 1418 1245 1481 Liv.
1277 1417 1366 1502 Epit.
1392 1417 1468 1480 Lib.
1495 1416 1549 1483 CI.
1589 1412 1658 1482 Cn.

260 1520 458 1614 Pompejus
478 1545 559 1587 cum
577 1521 835 1588 Mithridatem
851 1530 1150 1607 persequeretur,
1176 1519 1215 1586 in
1237 1521 1387 1586 ultimas
1406 1520 1555 1608 ignotas
1570 1537 1660 1606 gers·

262 1625 546 1709 tespenetravit.
567 1637 601 1690 et
626 1627 715 1690 Flor.
736 1643 765 1703 4.
783 1647 812 1690 ι.
836 1623 1060 1693 Catilinam.
1080 1671 1091 1691 .
1111 1671 1121 1690 .
1141 1625 1283 1690 ..timul
1299 1623 1468 1707 occasio,
1502 1624 1602 1706 quod
1620 1617 1659 1686 irs

261 1727 705 1816 extremisfirribusmundi
722 1751 828 1794 arma
849 1731 1101 1795 Romanorum
1115 1728 1468 1819 peregrinabantur,
1489 1724 1528 1789 irs
1552 1721 1659 1815 resesa-

259 1829 321 1896 ria
341 1831 499 1897 consilia
520 1835 733 1917 compulere.
749 1867 794 1888 ι·
813 1838 1045 1899 consulatum
1058 1829 1213 1915 petenti.
1249 1833 1375 1896 frustra
1394 1841 1443 1896 est
1463 1831 1598 1896 Cottius
1619 1829 1658 1894 in

260 1936 477 2002 defendenda
495 1937 644 2000 lectione
655 1933 821 2019 petundi.
857 1939 1013 2020 quamvis
1033 1958 1104 2002 non
1130 1939 1290 2002 omnibus
1310 1937 1526 2001 consulatum
1544 1944 1661 2019 petere

258 2039 374 2124 licuit,
395 2047 509 2104 tamen
529 2059 624 2124 spem
644 2041 841 2104 consulatus
860 2042 1001 2124 petendi
1020 2043 1175 2106 rixinter
1188 2061 1229 2104 ea
1239 2039 1365 2106 referre
1372 2048 1507 2123 poterat
1526 2046 1661 2120 auctor,

259 2164 336 2226 quae
355 2145 511 2208 Catilinae
530 2153 626 2210 crant
654 2154 858 2228 opportuna.
879 2150 997 2226 Neque
1012 2148 1079 2207 hoc
1086 2165 1150 2228 pro
1159 2154 1362 2228 argumento
1372 2143 1544 2227 posuerit,
1565 2142 1660 2224 quoti

260 2247 409 2311 Catilina
427 2249 531 2333 paulo
551 2257 649 2331 ante,
680 2252 945 2332 repetundarum
983 2268 1084 2330 reus,
1114 2248 1311 2332 prohibitus
1336 2256 1409 2310 erat
1440 2247 1656 2311 consulatum

258 2361 386 2440 petere.
435 2358 523 2416 Nam
549 2354 670 2416 eodem
700 2373 792 2415 anno
822 2372 891 2434 quo
930 2351 1105 2415 Ciceronis
1131 2351 1336 2436 competitor
1364 2351 1457 2437 luit,
1495 2352 1585 2418 inter
1616 2351 1662 2416 si·

260 2457 370 2522 uarios
390 2467 563 2522 accusatus
583 2465 648 2540 est,
668 2477 780 2540 neque
799 2459 866 2521 hoc
886 2477 981 2541 spem
1002 2458 1197 2522 consulatus
1216 2458 1430 2542 adipiscendi
1448 2457 1584 2523 minuit.
1599 2453 1662 2530 cir.

260 2563 329 2625 Cic.
349 2565 409 2647 Ep.
430 2567 474 2625 ad
494 2563 593 2629 Attio.
617 2584 644 2629 r.
667 2579 696 2632 π.
719 2572 753 2626 ct
772 2563 851 2627 Dio.
871 2565 957 2628 Cass.
981 2566 1031 2642 37.
1059 2583 1108 2624 ro.
1127 2565 1214 2624 Cum
1236 2564 1329 2626 enim
1352 2564 1530 2627 absolutus
1550 2571 1660 2647 esset,

238 2667 330 2746 ‘jam
351 2667 442 2731 nihil
463 2666 496 2730 ei
517 2666 766 2750 impedimento
787 2675 877 2749 erat,
897 2687 968 2747 quo
989 2658 1339 2732 minus'consulatum
1358 2677 1499 2751 peteret.
1539 2687 1659 2748 quarn-

260 2775 380 2836 obrem
400 2773 439 2836 iu
459 2773 528 2836 fine
550 2773 715 2836 orationis
736 2792 809 2855 cap,
828 2788 876 2834 ao.
899 2773 988 2836 haec
1008 2769 1103 2855 ι’ρεα,
1123 2771 1256 2854 inquit,
1278 2779 1320 2833 ut
1346 2791 1456 2852 spero
1476 2770 1656 2836 vobiscum

262 2879 393 2942 consul
410 2898 527 2964 agam.
559 2877 677 2956 Neque
695 2897 819 2938 vanam
839 2878 929 2938 hanc
950 2896 1045 2959 spem
1068 2875 1192 2956 fnisse,
1212 2873 1314 2936 facile
1335 2873 1479 2958 colligas
1500 2893 1541 2938 ex
1556 2877 1660 2960 Frag-

261 2992 364 3048 ment.
386 2981 561 3044 Orationis
581 2980 619 3043 in
634 2982 730 3064 Toga
758 2981 862 3040 Cand.
884 2988 918 3042 et
941 2978 1081 3042 Asconii
1104 2977 1360 3040 commentario.
1382 2976 1441 3038 cfr.
1469 2977 1573 3040 etiam
1593 2978 1664 3042 Cic.

261 3088 321 3170 Ep.
343 3087 387 3170 ad
406 3088 472 3145 Att.
493 3106 518 3146 ι.
533 3100 562 3150 2.
584 3093 617 3145 et
637 3082 730 3144 inira
749 3103 821 3164 cap.
835 3087 884 3143 23.
919 3081 1120 3164 Pompejum
1140 3101 1222 3143 vero
1250 3081 1354 3144 etiam
1373 3081 1410 3142 L.
1425 3081 1554 3146 Caesare
1570 3093 1605 3147 et
1627 3085 1663 3169 G,

269 3190 393 3276 Figulo
415 3191 505 3252 Coss.
537 3186 669 3250 bellum
688 3185 827 3271 gesisse,
853 3194 947 3269 patet
975 3206 1015 3248 ex
1038 3185 1164 3250 Dionis
1191 3185 1297 3248 Cassii
1324 3184 1414 3248 Hist.
1440 3185 1517 3256 Lib.
1545 3191 1595 3268 37.
1617 3207 1665 3254 ro.

262 3291 359 3358 nihil
375 3312 438 3377 pro
472 3311 547 3356 non
576 3291 680 3353 etiam
708 3293 801 3374 apud
830 3291 1039 3353 Ciceronem.
1072 3290 1132 3352 cfr.
1165 3292 1225 3373 Ep,
1247 3291 1291 3352 ad
1312 3289 1411 3354 Attio.
1433 3308 1462 3351 a.
1483 3293 1512 3352 6.
1534 3293 1595 3376 Ep.
1619 3298 1664 3358 ad

262 3401 352 3460 Fam.
374 3414 405 3474 4.
430 3401 460 3460 6.
479 3398 539 3460 sed
559 3396 636 3480 plus
657 3405 706 3458 est
727 3395 765 3457 in
789 3395 890 3475 nihii,
911 3399 1004 3475 quod
1026 3405 1116 3459 recte
1137 3395 1271 3458 Cottius
1286 3393 1430 3472 judicat.
1452 3394 1511 3464 cir.
1527 3398 1663 3463 Tacitus

261 3505 374 3591 Agric.
395 3523 423 3570 c.
440 3523 486 3582 ¹9·
516 3503 623 3575 ,Nam
642 3499 796 3562 Britanni
817 3498 909 3562 nihil
927 3497 1025 3562 fracti
1046 3520 1169 3585 pugnae
1188 3499 1315 3583 prioris
1333 3501 1486 3568 eventu.’'
1508 3513 1659 3568 ceterum

262 3611 451 3674 notandum
460 3607 681 3669 Plutarchum
700 3604 738 3666 in
756 3603 827 3667 vita
848 3605 1022 3669 Ciceronis
1042 3627 1072 3678 c.
1089 3626 1135 3667 rc.
1157 3606 1266 3668 multa
1286 3606 1479 3673 exSalustio
1499 3608 1663 3691 hausisse,

343 3717 421 3798 Cap.
439 3713 542 3786 xv11,
581 3713 623 3776 L.
645 3710 792 3776 Caesar.
816 3709 875 3772 cfr.
897 3710 965 3771 Cic.
981 3709 1074 3775 Orat.
1095 3710 1133 3770 in
1154 3709 1283 3783 Catiia
1303 3713 1333 3780 6,
1350 3713 1416 3773 Pro
1432 3712 1597 3774 Muraena
1609 3716 1659 3788 34.

263 3819 459 3903 Ep.adDiv.
483 3835 531 3880 ao.
547 3817 592 3876 ιδ.
616 3813 719 3878 irater
738 3813 853 3878 uxoris
867 3813 1006 3876 Lentuli
1026 3821 1059 3874 et
1079 3812 1266 3874 avunculus
1286 3813 1427 3876 Antonii
1450 3812 1490 3878 C.
1503 3815 1537 3876 F
1538 3811 1658 3902 igu103

264 3925 320 3988 cui
340 3922 479 4006 proprie
499 3940 624 3984 nomen
646 3918 817 3982 Minucius
835 3919 1021 4000 Thermus,
1042 3919 1101 3980 sed
1127 3935 1148 3978 a
1168 3914 1297 3979 Marcia
1317 3913 1451 3986 familia
1480 3919 1660 4001 adoptatus

266 4029 387 4099 lucrat,
417 4028 476 4088 cfr.
514 4027 582 4086 Cic.
615 4028 657 4087 de
684 4027 787 4109 Legg.
811 4047 838 4086 a.
867 4025 917 4088 26.
948 4024 1007 4105 Ep.
1035 4024 1102 4089 Att.
1139 4041 1165 4088 ι.
1202 4039 1257 4098 a.;
1295 4021 1482 4104 adpellare
1507 4021 1568 4090 cir.
1593 4025 1661 4086 Cic.

267 4134 362 4196 Orat.
394 4130 432 4191 in
463 4131 533 4195 Cat.
564 4134 592 4189 3.
615 4151 644 4207 7,
665 4126 790 4193 omnio
811 4135 952 4191 noratr
985 4122 1145 4191 omnium
1166 4113 1291 4190 aditus
1312 4125 1457 4191 tenebat
1471 4149 1480 4204 ;
1501 4127 1663 4208 appella-

156 4227 160 4238 '
266 4255 325 4311 re,
356 4241 517 4310 tentare,
537 4233 740 4296 sollicitare
753 4238 931 4313 poterat,
957 4229 1124 4296 audebat.
1140 4267 1182 4284 -
1208 4232 1429 4313 temptaret.
1451 4251 1480 4296 e.
1501 4229 1655 4296 animum
