4106 4974
262 369 293 394 '⁸
396 357 473 450 15⁰

390 555 581 636 labrisque
601 545 693 614 circa
710 536 903 608 litoribus”
923 533 985 605 cfr.
1006 537 1109 602 eund.
1131 539 1182 601 st.
1202 537 1254 604 ts.
1273 554 1319 602 ee
1339 527 1560 622 dffcultate
1577 559 1713 610 rer-nna.
1731 527 1800 612 loc

395 670 441 733 sd
470 655 658 752 Catilinam
686 655 838 734 spectnts
871 665 917 710 ec
949 641 973 712 i.
1000 662 1030 711 e.
1049 650 1211 728 propter;
1240 641 1323 709 vide
1342 661 1445 728 supra
1463 661 1536 729 csp.
1550 647 1602 712 ³5.
1622 646 1800 726 comedit·

397 789 469 856 quo
499 766 577 830 loco
607 753 767 824 Metellus
795 748 1012 832 consederit,
1052 748 1146 814 haud
1179 746 1281 814 facile
1308 748 1445 814 dixeris.
1490 751 1541 814 Ex
1575 769 1660 838 ΨΟ
1688 753 1802 822 ppm,

397 870 508 942 riensi
525 865 620 932 enim
638 860 697 928 via
715 856 850 921 munita
870 875 943 919 uon
963 861 1053 938 erat,
1072 873 1141 936 qua
1174 853 1378 940 Apenninus
1397 863 1626 940 superaretur.
1655 859 1723 924 Sed
1735 861 1803 926 eti.

397 996 541 1088 ,mnam
559 975 684 1056 preter
710 963 803 1028 viam
841 959 933 1025 inter
952 958 1162 1024 Florentiam
1189 967 1223 1024 et
1243 960 1434 1026 Bononiam
1456 960 1529 1026 alia
1548 972 1598 1026 est
1617 963 1695 1050 via,
1725 988 1801 1050 qua

396 1088 479 1154 inde
499 1101 520 1144 a
538 1075 675 1144 Mutina
694 1069 750 1136 vel
770 1067 881 1154 Regio
899 1065 1026 1151 Lepidi
1046 1065 1228 1152 (Reggio)
1247 1068 1375 1131 Lucum
1396 1066 1503 1138 ducit.
1532 1068 1647 1154 Quare
1665 1070 1717 1136 ita
1733 1083 1802 1138 stc·

397 1204 476 1260 tuo:
497 1203 576 1250 cum
594 1182 662 1248 Via
672 1173 975 1244 Aureliacatiline
994 1172 1159 1258 progredi
1179 1191 1251 1256 nop
1269 1178 1399 1258 posset,
1419 1173 1548 1258 quippe
1567 1195 1645 1258 qua
1656 1178 1804 1244 Apronii

290 1333 292 1340 ,
394 1294 547 1366 exercitu
566 1285 752 1354 interclusa
771 1287 875 1364 esset,
901 1277 1051 1365 Regium
1070 1275 1196 1362 Lepidi
1215 1275 1455 1357 contendisse;
1486 1277 1551 1344 ubi
1570 1285 1657 1356 [cum
1683 1284 1804 1348 Metel·

393 1407 470 1469 lum
490 1407 599 1464 castre
618 1389 772 1478 posuisse
788 1383 939 1470 occepit,
971 1391 1102 1448 mutato
1123 1380 1250 1447 itinere
1270 1391 1389 1448 contra
1410 1383 1599 1450 Antonium
1619 1388 1804 1454 exercitum

372 1567 378 1578 ,
397 1507 553 1588 duxisse,
572 1519 677 1583 quern
698 1496 802 1562 etiam
823 1501 897 1556 tum
916 1489 1072 1556 consiliis
1092 1487 1164 1554 suis
1183 1507 1256 1554 non
1275 1489 1465 1556 abhorrere
1484 1491 1628 1574 putavit.
1669 1515 1803 1584 magno

402 1606 577 1680 exercitu.
597 1603 718 1690 supple
739 1620 828 1684 cum.
846 1597 909 1666 clr.
924 1595 998 1660 Lis.
1012 1600 1061 1661 δι.
1076 1597 1128 1669 36.
1143 1601 1297 1678 postero
1319 1591 1377 1658 die
1396 1591 1563 1663 omnibus
1582 1593 1699 1680 copiis
1717 1605 1807 1666 corr·

401 1720 465 1785 sul
482 1711 521 1780 in
542 1705 656 1779 aciem
677 1700 870 1774 descendit.
888 1703 937 1766 id.
957 1703 1009 1766 36.
1028 1703 1079 1775 so.
1100 1698 1205 1776 ,inde
1232 1705 1304 1764 toto
1332 1698 1481 1764 exercitu
1508 1699 1696 1787 proiectus,
1725 1705 1809 1774 reli-

402 1841 511 1908 quum
530 1818 597 1882 iter
622 1810 705 1878 satis
731 1807 892 1895 expedito
922 1805 1061 1894 agmine
1087 1803 1196 1871 lecit”
1217 1801 1416 1889 expeditus.
1447 1803 1557 1870 Cortii
1576 1806 1808 1886 conjecturam

402 1936 523 1994 contra
541 1919 774 2008 plurimorum
792 1913 965 1980 librorum
984 1911 1183 1978 testimonie
1202 1918 1237 1977 et
1255 1908 1365 1996 ipsius
1384 1910 1553 1976 Prisciani
1570 1913 1810 1997 auctoritatem

401 2031 528 2118 recepi.
548 2032 636 2092 Nem
657 2016 844 2107 expeditos
864 2013 904 2084 in
914 2013 1064 2109 sugam.
1086 2035 1191 2100 quam
1209 2016 1396 2082 lectionem
1416 2025 1451 2083 et
1469 2016 1580 2101 ipsam
1590 2019 1691 2084 multi
1700 2023 1808 2086 Codd.

405 2137 630 2216 confirmant,
649 2127 771 2194 Latine
792 2145 864 2190 non
885 2123 1024 2188 dicitur.
1061 2123 1140 2188 lam
1166 2119 1353 2211 expeditos
1378 2117 1417 2188 in
1428 2115 1531 2211 fuga
1545 2121 1649 2210 jungi
1668 2124 1810 2208 quidem

407 2263 507 2332 posse
535 2239 691 2320 videtur,
722 2232 794 2320 (ita
814 2229 909 2297 enim
936 2229 1119 2315 dicuntur,
1145 2229 1208 2314 qui
1234 2227 1342 2294 nullis
1367 2226 1625 2314 impedimentis
1652 2229 1812 2318 impediti

403 2350 472 2414 iter
490 2347 580 2434 fugae
599 2341 702 2408 facile
722 2335 935 2424 expediunt)
955 2339 1016 2402 sed
1037 2335 1143 2402 totius
1162 2333 1341 2400 sententias
1361 2333 1451 2398 ratio
1470 2335 1639 2420 postulat,
1659 2346 1699 2401 ut
1716 2357 1811 2418 accu-

403 2453 512 2521 ratius
537 2455 744 2536 exponatur,
769 2461 839 2528 qus
861 2440 997 2508 ratione
1021 2435 1194 2507 Antoniu‘s
1220 2440 1374 2506 hostium
1403 2440 1588 2506 exercitum
1614 2453 1813 2510 consecutus

403 2559 465 2636 sit3
492 2557 531 2620 id
551 2557 646 2636 quod
671 2551 798 2614 factum
828 2555 897 2631 est,
927 2549 1024 2629 quod
1045 2545 1256 2629 aequioribus
1281 2545 1369 2612 locis
1389 2545 1576 2616 exercitum
1596 2547 1706 2618 duxit.
1747 2551 1813 2616 Sed

406 2661 502 2728 dicat
513 2657 774 2739 aliquis,hocut
783 2653 980 2734 doceretur,
1010 2651 1116 2718 verba
1141 2649 1375 2734 aequioribus
1396 2649 1489 2717 locis
1506 2649 1677 2730 sufficere,
1697 2674 1815 2738 neque

409 2771 532 2834 decere
549 2759 758 2844 Salustium,
776 2775 853 2840 quas
873 2775 936 2841 per
955 2774 992 2820 se
1011 2754 1082 2820 sint
1100 2754 1296 2841 manifesta,
1316 2757 1476 2843 pluribus
1493 2760 1609 2826 verbis
1627 2760 1758 2838 additis
1769 2761 1815 2826 it.

409 2876 565 2940 lustrare.
600 2870 737 2933 Horum
762 2860 907 2928 vocibus
933 2861 1020 2946 quid
1045 2865 1271 2948 respondeam
1299 2862 1460 2948 equidem
1483 2868 1710 2952 nonhsbeo,
1737 2883 1815 2932 cum

413 2979 564 3048 maxime
582 2971 807 3040 durissimum
828 2987 900 3034 esse
919 2968 1095 3055 videatur,
1114 2966 1219 3053 sequi
1236 2966 1275 3033 in
1286 2965 1389 3060 sugo
1413 2991 1477 3056 pro
1498 2965 1691 3062 fugientes
1704 2969 1816 3058 sequi,

410 3089 534 3154 dicere
570 3085 665 3168 quod
685 3079 716 3144 si
734 3097 815 3145 vere
833 3076 965 3142 dictum
985 3075 1052 3142 tibi
1073 3093 1145 3141 esse
1163 3075 1359 3160 videbitur,
1388 3074 1575 3160 expeditos
1595 3079 1727 3142 dictum
1746 3097 1816 3145 esse

410 3200 513 3280 puta,
532 3209 597 3275 pro
616 3188 773 3272 quamvis
793 3184 946 3272 expediti
971 3191 1083 3250 essent
1109 3186 1242 3263 hostes,
1264 3192 1379 3247 tamen
1400 3181 1484 3264 quia
1503 3183 1714 3266 equioribus
1731 3184 1818 3250 locis

410 3297 582 3363 Antonius
600 3292 822 3379 processerit,
845 3310 917 3354 non
936 3288 1059 3372 procul
1079 3289 1122 3350 ab
1144 3287 1188 3351 iis
1208 3286 1365 3364 abfuisse.
1393 3283 1583 3354 Praesidii
1599 3289 1622 3353 i.
1644 3310 1674 3354 e.
1694 3288 1818 3356 auxilii

409 3403 473 3476 cir.
488 3405 573 3469 Fest.
594 3397 821 3486 ,presidium
841 3403 910 3479 est,
926 3395 1020 3477 quod
1030 3409 1095 3492 pro
1104 3391 1255 3457 utilitate
1277 3400 1310 3457 et
1323 3393 1432 3459 salute
1445 3393 1591 3475 alicujus
1604 3395 1728 3460 auxilii
1743 3415 1818 3483 grn-

413 3506 464 3570 tia
482 3504 711 3589 preponitur,
734 3498 944 3580 subsidium,
973 3500 1069 3580 quod
1088 3498 1316 3579 postpositum
1339 3511 1390 3564 est
1410 3505 1455 3564 ad
1475 3503 1748 3584 subveniendum
1768 3503 1819 3565 la-

413 3605 655 3677 borantibus.’'
677 3603 736 3671 cfr.
760 3602 830 3666 cic.
851 3621 916 3686 pro
937 3601 1056 3686 Quint.
1072 3620 1100 3672 ι.
1134 3621 1208 3664 esse
1220 3601 1409 3684 praesidio
1432 3618 1564 3672 contra
1586 3605 1712 3675 cimel
1730 3629 1820 3700 gra-

415 3715 506 3783 tiam
527 3706 724 3780 solitudini
740 3718 776 3776 et
798 3705 954 3793 inopiae.
980 3710 1116 3772 Terent.
1137 3707 1259 3772 Heaut.
1271 3726 1301 3784 4.
1320 3732 1346 3782 r,
1366 3717 1416 3776 33.
1438 3715 1508 3780 hoc
1530 3724 1566 3778 te
1586 3715 1755 3798 obsecro,
1775 3721 1819 3776 ut

415 3842 515 3888 meae
522 3814 707 3884 stultitiae
715 3811 901 3882 iniustitia
922 3824 989 3880 tua
1000 3810 1051 3878 sit
1065 3808 1813 3908 aliquidpraesidii.-optumumfactum

419 3927 500 3990 vide
521 3945 623 4008 supra
644 3945 716 4010 cap.
743 3927 794 3996 ³².
816 3918 856 3986 in
876 3918 948 3984 tali
965 3942 1007 3984 re
1027 3919 1050 3982 i.
1071 3940 1100 3984 e.
1121 3939 1200 3981 cum
1220 3940 1274 3984 res
1294 3941 1362 3988 suae
1385 3932 1453 3988 tem
1474 3943 1601 4010 asperae
1622 3934 1744 3991 essent,
1810 3971 1815 3980 ·

502 4029 717 4113 cap.Lv111.
737 4029 819 4091 Haec
839 4027 951 4091 oratio
971 4045 1050 4090 cum
1071 4033 1141 4089 tota
1160 4045 1180 4088 a
1199 4025 1348 4091 Salustio
1370 4026 1448 4091 licta
1468 4028 1513 4094 sit
1533 4028 1630 4116 (fieri
1652 4030 1747 4095 enim
1764 4030 1821 4094 vix

417 4135 547 4222 potuit,
579 4142 618 4196 ut
638 4133 703 4196 hac
723 4134 766 4195 de
787 4151 824 4194 re
851 4121 1041 4196 accuratius
1070 4133 1314 4216 cognosceret)
1348 4141 1462 4198 tamen
1483 4135 1640 4200 Catilinae
1659 4143 1820 4200 naturam

414 4253 449 4308 et
470 4240 627 4308 indolem
645 4237 919 4308 incidentissime
939 4237 1051 4324 aperit
1068 4247 1171 4324 atque
1190 4235 1351 4316 illustrat.
1375 4247 1599 4324 compertum
1621 4261 1699 4330 ego.
1718 4260 1820 4328 pron.
