<?xml version="1.0" encoding="UTF-8"?>
<!DOCTYPE html PUBLIC "-//W3C//DTD XHTML 1.0 Transitional//EN"
    "http://www.w3.org/TR/xhtml1/DTD/xhtml1-transitional.dtd">
<html xmlns="http://www.w3.org/1999/xhtml" xml:lang="en" lang="en">
 <head>
  <title>
</title>
<meta http-equiv="Content-Type" content="text/html;charset=utf-8" />
  <meta name='ocr-system' content='tesseract 3.04.00' />
  <meta name='ocr-capabilities' content='ocr_page ocr_carea ocr_par ocr_line ocrx_word'/>
</head>
<body>
  <div class='ocr_page' id='page_1' title='image "./salustiiquaeexs02sallgoog_0256.png"; bbox 0 0 4108 4976; ppageno 0'>
   <div class='ocr_carea' id='block_1_1' title="bbox 350 417 1670 690">
    <p class='ocr_par' dir='ltr' id='par_1_1' title="bbox 350 417 1670 690">
     <span class='ocr_line' id='line_1_1' title="bbox 1593 417 1668 494; baseline 0.067 -4"><span class='ocrx_word' id='word_1_1' title='bbox 1593 417 1668 494; x_wconf 78' lang='lat'><strong>283</strong></span> 
     </span>
     <span class='ocr_line' id='line_1_2' title="bbox 350 560 1670 690; baseline 0.011 -29"><span class='ocrx_word' id='word_1_2' title='bbox 350 601 430 684; x_wconf 82' lang='lat' dir='ltr'><strong>Cep.</strong></span> <span class='ocrx_word' id='word_1_3' title='bbox 448 597 545 665; x_wconf 90' lang='lat' dir='ltr'><strong>XLV.</strong></span> <span class='ocrx_word' id='word_1_4' title='bbox 565 619 624 663; x_wconf 90' lang='lat' dir='ltr'><strong>res</strong></span> <span class='ocrx_word' id='word_1_5' title='bbox 643 593 794 664; x_wconf 73' lang='lat' dir='ltr'><strong>hostiles</strong></span> <span class='ocrx_word' id='word_1_6' title='bbox 813 596 837 663; x_wconf 85' lang='lat' dir='ltr'><strong>i.</strong></span> <span class='ocrx_word' id='word_1_7' title='bbox 858 617 888 662; x_wconf 91' lang='lat' dir='ltr'><strong>e.</strong></span> <span class='ocrx_word' id='word_1_8' title='bbox 907 597 1051 664; x_wconf 68' lang='lat' dir='ltr'><strong>bellica.</strong></span> <span class='ocrx_word' id='word_1_9' title='bbox 1082 597 1142 664; x_wconf 85' lang='lat' dir='ltr'><strong>cir.</strong></span> <span class='ocrx_word' id='word_1_10' title='bbox 1160 598 1227 664; x_wconf 84' lang='lat' dir='ltr'><strong>cic.</strong></span> <span class='ocrx_word' id='word_1_11' title='bbox 1241 603 1284 665; x_wconf 91' lang='lat' dir='ltr'><strong>de</strong></span> <span class='ocrx_word' id='word_1_12' title='bbox 1305 595 1372 667; x_wconf 83' lang='lat' dir='ltr'><strong>Off.</strong></span> <span class='ocrx_word' id='word_1_13' title='bbox 1393 604 1422 673; x_wconf 78' lang='lat'><strong>3.</strong></span> <span class='ocrx_word' id='word_1_14' title='bbox 1440 621 1489 686; x_wconf 77' lang='lat'><strong>29.</strong></span> <span class='ocrx_word' id='word_1_15' title='bbox 1518 560 1603 690; x_wconf 76' lang='lat' dir='ltr'><strong>quid</strong></span> <span class='ocrx_word' id='word_1_16' title='bbox 1624 611 1670 675; x_wconf 87' lang='lat' dir='ltr'><strong>sit</strong></span> 
     </span>
    </p>
   </div>
   <div class='ocr_carea' id='block_1_2' title="bbox 187 699 1723 4270">
    <p class='ocr_par' dir='ltr' id='par_1_2' title="bbox 187 699 1723 3003">
     <span class='ocr_line' id='line_1_3' title="bbox 269 699 1670 800; baseline 0.006 -30"><span class='ocrx_word' id='word_1_17' title='bbox 269 699 422 770; x_wconf 81' lang='lat' dir='ltr'><strong>amiitio</strong></span> <span class='ocrx_word' id='word_1_18' title='bbox 444 725 484 768; x_wconf 84' lang='lat' dir='ltr'><strong>ex</strong></span> <span class='ocrx_word' id='word_1_19' title='bbox 501 704 661 790; x_wconf 88' lang='lat' dir='ltr'><strong>opposito</strong></span> <span class='ocrx_word' id='word_1_20' title='bbox 680 703 906 790; x_wconf 87' lang='lat' dir='ltr'><strong>intelligitur;</strong></span> <span class='ocrx_word' id='word_1_21' title='bbox 925 705 1057 770; x_wconf 85' lang='lat' dir='ltr'><strong>scilicet</strong></span> <span class='ocrx_word' id='word_1_22' title='bbox 1069 705 1333 788; x_wconf 82' lang='lat' dir='ltr'><strong>nimialenitas‚</strong></span> <span class='ocrx_word' id='word_1_23' title='bbox 1353 711 1584 790; x_wconf 80' lang='lat' dir='ltr'><strong>quamilitum</strong></span> <span class='ocrx_word' id='word_1_24' title='bbox 1593 735 1670 800; x_wconf 84' lang='lat' dir='ltr'><strong>gre-</strong></span> 
     </span>
     <span class='ocr_line' id='line_1_4' title="bbox 268 805 1670 908; baseline 0.008 -36"><span class='ocrx_word' id='word_1_25' title='bbox 268 805 552 874; x_wconf 79' lang='lat' dir='ltr'><strong>tiemaffeetabat.</strong></span> <span class='ocrx_word' id='word_1_26' title='bbox 574 813 723 874; x_wconf 85' lang='lat' dir='ltr'><strong>sednon</strong></span> <span class='ocrx_word' id='word_1_27' title='bbox 743 816 823 873; x_wconf 88' lang='lat' dir='ltr'><strong>sunt</strong></span> <span class='ocrx_word' id='word_1_28' title='bbox 842 811 946 890; x_wconf 89' lang='lat' dir='ltr'><strong>hujus</strong></span> <span class='ocrx_word' id='word_1_29' title='bbox 969 811 1050 895; x_wconf 86' lang='lat' dir='ltr'><strong>loci,</strong></span> <span class='ocrx_word' id='word_1_30' title='bbox 1070 833 1146 893; x_wconf 83' lang='lat' dir='ltr'><strong>quae</strong></span> <span class='ocrx_word' id='word_1_31' title='bbox 1166 818 1254 876; x_wconf 84' lang='lat' dir='ltr'><strong>cort.</strong></span> <span class='ocrx_word' id='word_1_32' title='bbox 1274 811 1444 900; x_wconf 82' lang='lat' dir='ltr'><strong>laudavit,</strong></span> <span class='ocrx_word' id='word_1_33' title='bbox 1468 819 1557 882; x_wconf 83' lang='lat' dir='ltr'><strong>Hist.</strong></span> <span class='ocrx_word' id='word_1_34' title='bbox 1573 823 1670 908; x_wconf 83' lang='lat' dir='ltr'><strong>Freg.</strong></span> 
     </span>
     <span class='ocr_line' id='line_1_5' title="bbox 267 911 1670 1006; baseline 0.007 -27"><span class='ocrx_word' id='word_1_35' title='bbox 267 917 546 1001; x_wconf 76' lang='lat' dir='ltr'><strong>3.11.Ep.Pomp.</strong></span> <span class='ocrx_word' id='word_1_36' title='bbox 565 911 905 981; x_wconf 74' lang='lat' dir='ltr'><strong>exambitionemeo</strong></span> <span class='ocrx_word' id='word_1_37' title='bbox 914 912 981 1004; x_wconf 88' lang='lat' dir='ltr'><strong>egi.</strong></span> <span class='ocrx_word' id='word_1_38' title='bbox 990 916 1042 979; x_wconf 90' lang='lat' dir='ltr'><strong>ibi</strong></span> <span class='ocrx_word' id='word_1_39' title='bbox 1052 916 1146 980; x_wconf 88' lang='lat' dir='ltr'><strong>enim</strong></span> <span class='ocrx_word' id='word_1_40' title='bbox 1153 916 1299 982; x_wconf 81' lang='lat' dir='ltr'><strong>ambitio</strong></span> <span class='ocrx_word' id='word_1_41' title='bbox 1307 922 1351 980; x_wconf 81' lang='lat' dir='ltr'><strong>ad</strong></span> <span class='ocrx_word' id='word_1_42' title='bbox 1361 920 1431 982; x_wconf 79' lang='lat' dir='ltr'><strong>elia</strong></span> <span class='ocrx_word' id='word_1_43' title='bbox 1440 932 1576 1006; x_wconf 85' lang='lat' dir='ltr'><strong>spectat.</strong></span> <span class='ocrx_word' id='word_1_44' title='bbox 1594 947 1670 990; x_wconf 89' lang='lat' dir='ltr'><strong>am-</strong></span> 
     </span>
     <span class='ocr_line' id='line_1_6' title="bbox 268 1017 1671 1109; baseline 0.011 -27"><span class='ocrx_word' id='word_1_45' title='bbox 268 1017 402 1086; x_wconf 83' lang='lat' dir='ltr'><strong>bitioso</strong></span> <span class='ocrx_word' id='word_1_46' title='bbox 414 1017 565 1103; x_wconf 87' lang='lat' dir='ltr'><strong>imperio</strong></span> <span class='ocrx_word' id='word_1_47' title='bbox 579 1041 704 1109; x_wconf 81' lang='lat' dir='ltr'><strong>regere</strong></span> <span class='ocrx_word' id='word_1_48' title='bbox 716 1017 851 1085; x_wconf 85' lang='lat' dir='ltr'><strong>milites</strong></span> <span class='ocrx_word' id='word_1_49' title='bbox 867 1022 973 1089; x_wconf 79' lang='lat' dir='ltr'><strong>Tacit.</strong></span> <span class='ocrx_word' id='word_1_50' title='bbox 993 1021 1187 1090; x_wconf 70' lang='lat' dir='ltr'><strong>dictumst.</strong></span> <span class='ocrx_word' id='word_1_51' title='bbox 1202 1041 1231 1085; x_wconf 78' lang='lat' dir='ltr'><strong>a.</strong></span> <span class='ocrx_word' id='word_1_52' title='bbox 1246 1043 1293 1086; x_wconf 78' lang='grc' dir='ltr'><strong>ιι.</strong></span> <span class='ocrx_word' id='word_1_53' title='bbox 1315 1025 1501 1091; x_wconf 86' lang='lat' dir='ltr'><strong>moderari</strong></span> <span class='ocrx_word' id='word_1_54' title='bbox 1514 1031 1671 1098; x_wconf 81' lang='lat' dir='ltr'><strong>absolute</strong></span> 
     </span>
     <span class='ocr_line' id='line_1_7' title="bbox 266 1123 1670 1210; baseline 0.009 -22"><span class='ocrx_word' id='word_1_55' title='bbox 266 1126 429 1210; x_wconf 86' lang='lat' dir='ltr'><strong>positum,</strong></span> <span class='ocrx_word' id='word_1_56' title='bbox 451 1135 490 1189; x_wconf 89' lang='lat' dir='ltr'><strong>ut</strong></span> <span class='ocrx_word' id='word_1_57' title='bbox 507 1127 631 1190; x_wconf 78' lang='lat' dir='ltr'><strong>iustin.</strong></span> <span class='ocrx_word' id='word_1_58' title='bbox 649 1148 678 1207; x_wconf 82' lang='lat'><strong>9.</strong></span> <span class='ocrx_word' id='word_1_59' title='bbox 693 1141 723 1204; x_wconf 88' lang='grc'><strong>4.</strong></span> <span class='ocrx_word' id='word_1_60' title='bbox 744 1135 856 1209; x_wconf 85' lang='lat' dir='ltr'><strong>atque</strong></span> <span class='ocrx_word' id='word_1_61' title='bbox 875 1124 931 1191; x_wconf 91' lang='lat' dir='ltr'><strong>ita</strong></span> <span class='ocrx_word' id='word_1_62' title='bbox 951 1123 1050 1192; x_wconf 88' lang='lat' dir='ltr'><strong>iuter</strong></span> <span class='ocrx_word' id='word_1_63' title='bbox 1069 1125 1224 1193; x_wconf 89' lang='lat' dir='ltr'><strong>tacitam</strong></span> <span class='ocrx_word' id='word_1_64' title='bbox 1246 1125 1429 1194; x_wconf 77' lang='lat' dir='ltr'><em>laetitiam</em></span> <span class='ocrx_word' id='word_1_65' title='bbox 1450 1138 1485 1195; x_wconf 90' lang='lat' dir='ltr'><strong>et</strong></span> <span class='ocrx_word' id='word_1_66' title='bbox 1506 1134 1670 1201; x_wconf 87' lang='lat' dir='ltr'><strong>dolorem</strong></span> 
     </span>
     <span class='ocr_line' id='line_1_8' title="bbox 187 1216 1723 1329; baseline 0.009 -36"><span class='ocrx_word' id='word_1_67' title='bbox 187 1259 190 1264; x_wconf 95' lang='lat'>·</span> <span class='ocrx_word' id='word_1_68' title='bbox 228 1275 230 1280; x_wconf 87' lang='lat'>-</span> <span class='ocrx_word' id='word_1_69' title='bbox 267 1225 428 1295; x_wconf 74' lang='lat' dir='ltr'><strong>hostium</strong></span> <span class='ocrx_word' id='word_1_70' title='bbox 456 1216 667 1314; x_wconf 84' lang='lat' dir='ltr'><strong>temperavit</strong></span> <span class='ocrx_word' id='word_1_71' title='bbox 699 1239 762 1296; x_wconf 87' lang='lat' dir='ltr'><strong>etc.</strong></span> <span class='ocrx_word' id='word_1_72' title='bbox 791 1231 914 1296; x_wconf 86' lang='lat' dir='ltr'><strong>Justin.</strong></span> <span class='ocrx_word' id='word_1_73' title='bbox 932 1250 961 1296; x_wconf 80' lang='lat' dir='ltr'><strong>a.</strong></span> <span class='ocrx_word' id='word_1_74' title='bbox 979 1255 1008 1314; x_wconf 86' lang='lat'><strong>7.</strong></span> <span class='ocrx_word' id='word_1_75' title='bbox 1037 1241 1145 1299; x_wconf 88' lang='lat' dir='ltr'><strong>tanto</strong></span> <span class='ocrx_word' id='word_1_76' title='bbox 1173 1243 1456 1318; x_wconf 83' lang='lat' dir='ltr'><strong>temperamento</strong></span> <span class='ocrx_word' id='word_1_77' title='bbox 1477 1235 1575 1304; x_wconf 92' lang='lat' dir='ltr'><strong>inter</strong></span> <span class='ocrx_word' id='word_1_78' title='bbox 1589 1246 1670 1325; x_wconf 89' lang='lat' dir='ltr'><strong>ple·</strong></span> <span class='ocrx_word' id='word_1_79' title='bbox 1707 1308 1723 1329; x_wconf 54' lang='lat'>‚</span> 
     </span>
     <span class='ocr_line' id='line_1_9' title="bbox 268 1333 1671 1424; baseline 0.009 -28"><span class='ocrx_word' id='word_1_80' title='bbox 268 1335 344 1398; x_wconf 84' lang='lat' dir='ltr'><strong>bem</strong></span> <span class='ocrx_word' id='word_1_81' title='bbox 365 1344 603 1419; x_wconf 85' lang='lat' dir='ltr'><strong>senatumque</strong></span> <span class='ocrx_word' id='word_1_82' title='bbox 623 1333 707 1424; x_wconf 84' lang='lat' dir='ltr'><strong>egit.</strong></span> <span class='ocrx_word' id='word_1_83' title='bbox 728 1375 770 1389; x_wconf 96' lang='lat'><em>-</em></span> <span class='ocrx_word' id='word_1_84' title='bbox 788 1335 917 1404; x_wconf 88' lang='lat' dir='ltr'><strong>ceteris</strong></span> <span class='ocrx_word' id='word_1_85' title='bbox 945 1347 1029 1402; x_wconf 89' lang='lat' dir='ltr'><strong>arte</strong></span> <span class='ocrx_word' id='word_1_86' title='bbox 1056 1339 1204 1405; x_wconf 86' lang='lat' dir='ltr'><strong>modum</strong></span> <span class='ocrx_word' id='word_1_87' title='bbox 1228 1338 1411 1406; x_wconf 85' lang='lat' dir='ltr'><strong>statuisse.</strong></span> <span class='ocrx_word' id='word_1_88' title='bbox 1437 1343 1475 1406; x_wconf 92' lang='lat' dir='ltr'><strong>id</strong></span> <span class='ocrx_word' id='word_1_89' title='bbox 1504 1352 1592 1414; x_wconf 81' lang='lat' dir='ltr'><strong>cort.</strong></span> <span class='ocrx_word' id='word_1_90' title='bbox 1621 1348 1671 1410; x_wconf 84' lang='lat' dir='ltr'><strong>ita</strong></span> 
     </span>
     <span class='ocr_line' id='line_1_10' title="bbox 267 1441 1671 1532; baseline 0.009 -28"><span class='ocrx_word' id='word_1_91' title='bbox 267 1441 429 1524; x_wconf 85' lang='lat' dir='ltr'><strong>explicat:</strong></span> <span class='ocrx_word' id='word_1_92' title='bbox 453 1441 613 1518; x_wconf 55' lang='lat' dir='ltr'><strong>«ceteris,</strong></span> <span class='ocrx_word' id='word_1_93' title='bbox 646 1443 707 1523; x_wconf 89' lang='lat' dir='ltr'><strong>qui</strong></span> <span class='ocrx_word' id='word_1_94' title='bbox 729 1463 799 1508; x_wconf 90' lang='lat' dir='ltr'><strong>non</strong></span> <span class='ocrx_word' id='word_1_95' title='bbox 820 1454 930 1509; x_wconf 84' lang='lat' dir='ltr'><strong>essent</strong></span> <span class='ocrx_word' id='word_1_96' title='bbox 949 1445 1116 1532; x_wconf 80' lang='lat' dir='ltr'><strong>gregarii,</strong></span> <span class='ocrx_word' id='word_1_97' title='bbox 1144 1455 1275 1509; x_wconf 85' lang='lat' dir='ltr'><strong>erctum</strong></span> <span class='ocrx_word' id='word_1_98' title='bbox 1300 1466 1476 1512; x_wconf 80' lang='lat' dir='ltr'><strong>servorum</strong></span> <span class='ocrx_word' id='word_1_99' title='bbox 1501 1449 1671 1528; x_wconf 85' lang='lat' dir='ltr'><strong>jumento-</strong></span> 
     </span>
     <span class='ocr_line' id='line_1_11' title="bbox 267 1549 1670 1643; baseline 0.009 -34"><span class='ocrx_word' id='word_1_100' title='bbox 267 1567 413 1629; x_wconf 82' lang='lat' dir='ltr'><strong>rumque</strong></span> <span class='ocrx_word' id='word_1_101' title='bbox 433 1568 614 1612; x_wconf 87' lang='lat' dir='ltr'><strong>numerum</strong></span> <span class='ocrx_word' id='word_1_102' title='bbox 634 1549 804 1643; x_wconf 62' lang='lat' dir='ltr'><strong>permisit,</strong></span> <span class='ocrx_word' id='word_1_103' title='bbox 823 1549 1024 1636; x_wconf 81' lang='lat' dir='ltr'><strong>praefinivit‚</strong></span> <span class='ocrx_word' id='word_1_104' title='bbox 1045 1559 1130 1634; x_wconf 85' lang='lat' dir='ltr'><strong>quot</strong></span> <span class='ocrx_word' id='word_1_105' title='bbox 1148 1551 1295 1634; x_wconf 84' lang='lat' dir='ltr'><strong>quisque</strong></span> <span class='ocrx_word' id='word_1_106' title='bbox 1315 1554 1489 1638; x_wconf 58' lang='lat' dir='ltr'><strong>haberet»,</strong></span> <span class='ocrx_word' id='word_1_107' title='bbox 1517 1556 1555 1618; x_wconf 93' lang='lat' dir='ltr'><strong>id</strong></span> <span class='ocrx_word' id='word_1_108' title='bbox 1575 1561 1670 1640; x_wconf 90' lang='lat' dir='ltr'><strong>quod</strong></span> 
     </span>
     <span class='ocr_line' id='line_1_12' title="bbox 266 1653 1672 1742; baseline 0.009 -26"><span class='ocrx_word' id='word_1_109' title='bbox 266 1653 350 1718; x_wconf 83' lang='lat' dir='ltr'><strong>ierri</strong></span> <span class='ocrx_word' id='word_1_110' title='bbox 369 1663 495 1740; x_wconf 85' lang='lat' dir='ltr'><strong>potest,</strong></span> <span class='ocrx_word' id='word_1_111' title='bbox 515 1659 610 1738; x_wconf 88' lang='lat' dir='ltr'><strong>quod</strong></span> <span class='ocrx_word' id='word_1_112' title='bbox 628 1657 696 1719; x_wconf 81' lang='lat' dir='ltr'><strong>Sel.</strong></span> <span class='ocrx_word' id='word_1_113' title='bbox 716 1659 837 1740; x_wconf 74' lang='lat' dir='ltr'><strong>sapius</strong></span> <span class='ocrx_word' id='word_1_114' title='bbox 857 1657 1059 1721; x_wconf 82' lang='lat' dir='ltr'><strong>adverbium</strong></span> <span class='ocrx_word' id='word_1_115' title='bbox 1079 1657 1156 1720; x_wconf 89' lang='lat' dir='ltr'><strong>loco</strong></span> <span class='ocrx_word' id='word_1_116' title='bbox 1177 1657 1335 1734; x_wconf 84' lang='lat' dir='ltr'><strong>adjectivi</strong></span> <span class='ocrx_word' id='word_1_117' title='bbox 1355 1661 1480 1742; x_wconf 80' lang='lat' dir='ltr'><strong>posuit.</strong></span> <span class='ocrx_word' id='word_1_118' title='bbox 1511 1661 1672 1728; x_wconf 82' lang='lat' dir='ltr'><strong>similiter</strong></span> 
     </span>
     <span class='ocr_line' id='line_1_13' title="bbox 266 1755 1705 1844; baseline 0.005 -22"><span class='ocrx_word' id='word_1_119' title='bbox 266 1759 395 1825; x_wconf 89' lang='lat' dir='ltr'><strong>dicitur</strong></span> <span class='ocrx_word' id='word_1_120' title='bbox 414 1762 522 1827; x_wconf 88' lang='lat' dir='ltr'><strong>Plaut.</strong></span> <span class='ocrx_word' id='word_1_121' title='bbox 545 1763 648 1824; x_wconf 83' lang='lat' dir='ltr'><strong>Mero.</strong></span> <span class='ocrx_word' id='word_1_122' title='bbox 668 1761 758 1844; x_wconf 88' lang='lat' dir='ltr'><strong>prol.</strong></span> <span class='ocrx_word' id='word_1_123' title='bbox 772 1764 820 1836; x_wconf 86' lang='grc'><strong>64.</strong></span> <span class='ocrx_word' id='word_1_124' title='bbox 850 1757 1016 1824; x_wconf 74' lang='lat' dir='ltr'><strong>cohibere</strong></span> <span class='ocrx_word' id='word_1_125' title='bbox 1034 1755 1192 1839; x_wconf 85' lang='lat' dir='ltr'><strong>aliquem</strong></span> <span class='ocrx_word' id='word_1_126' title='bbox 1214 1769 1327 1823; x_wconf 90' lang='lat' dir='ltr'><strong>arcte.</strong></span> <span class='ocrx_word' id='word_1_127' title='bbox 1348 1762 1458 1829; x_wconf 82' lang='lat' dir='ltr'><strong>Plaut.</strong></span> <span class='ocrx_word' id='word_1_128' title='bbox 1478 1764 1572 1826; x_wconf 79' lang='lat' dir='ltr'><strong>Asin.</strong></span> <span class='ocrx_word' id='word_1_129' title='bbox 1594 1789 1621 1828; x_wconf 83' lang='lat'><strong>1.</strong></span> <span class='ocrx_word' id='word_1_130' title='bbox 1643 1790 1671 1832; x_wconf 86' lang='lat'><strong>1.</strong></span> <span class='ocrx_word' id='word_1_131' title='bbox 1703 1821 1705 1828; x_wconf 94' lang='lat'><strong>.</strong></span> 
     </span>
     <span class='ocr_line' id='line_1_14' title="bbox 266 1859 1670 1952; baseline 0.005 -25"><span class='ocrx_word' id='word_1_132' title='bbox 266 1869 316 1928; x_wconf 86' lang='grc'><strong>63.</strong></span> <span class='ocrx_word' id='word_1_133' title='bbox 347 1874 452 1929; x_wconf 89' lang='lat' dir='ltr'><strong>arcte</strong></span> <span class='ocrx_word' id='word_1_134' title='bbox 478 1872 718 1945; x_wconf 81' lang='lat' dir='ltr'><strong>contenteque</strong></span> <span class='ocrx_word' id='word_1_135' title='bbox 745 1863 876 1926; x_wconf 83' lang='lat' dir='ltr'><strong>trabere</strong></span> <span class='ocrx_word' id='word_1_136' title='bbox 901 1859 1069 1946; x_wconf 75' lang='lat' dir='ltr'><strong>aliquem.</strong></span> <span class='ocrx_word' id='word_1_137' title='bbox 1100 1871 1215 1926; x_wconf 84' lang='lat' dir='ltr'><strong>tamen</strong></span> <span class='ocrx_word' id='word_1_138' title='bbox 1237 1864 1362 1927; x_wconf 84' lang='lat' dir='ltr'><strong>rectius</strong></span> <span class='ocrx_word' id='word_1_139' title='bbox 1382 1875 1465 1930; x_wconf 91' lang='lat' dir='ltr'><strong>arte</strong></span> <span class='ocrx_word' id='word_1_140' title='bbox 1483 1871 1670 1952; x_wconf 86' lang='lat' dir='ltr'><strong>prudentia</strong></span> 
     </span>
     <span class='ocr_line' id='line_1_15' title="bbox 266 1963 1670 2054; baseline 0.005 -21"><span class='ocrx_word' id='word_1_141' title='bbox 266 1969 486 2054; x_wconf 77' lang='lat' dir='ltr'><strong>explicueris,</strong></span> <span class='ocrx_word' id='word_1_142' title='bbox 500 1969 606 2048; x_wconf 88' lang='lat' dir='ltr'><strong>idque</strong></span> <span class='ocrx_word' id='word_1_143' title='bbox 619 1963 738 2032; x_wconf 88' lang='lat' dir='ltr'><strong>edicto</strong></span> <span class='ocrx_word' id='word_1_144' title='bbox 749 1965 946 2050; x_wconf 87' lang='lat' dir='ltr'><strong>oppositum</strong></span> <span class='ocrx_word' id='word_1_145' title='bbox 957 1985 1028 2030; x_wconf 82' lang='lat' dir='ltr'><strong>esse</strong></span> <span class='ocrx_word' id='word_1_146' title='bbox 1040 1967 1240 2048; x_wconf 86' lang='lat' dir='ltr'><strong>credideris;</strong></span> <span class='ocrx_word' id='word_1_147' title='bbox 1251 1968 1622 2038; x_wconf 88' lang='lat' dir='ltr'><strong>scilicetcenturiones</strong></span> <span class='ocrx_word' id='word_1_148' title='bbox 1636 1984 1670 2040; x_wconf 89' lang='lat' dir='ltr'><strong>et</strong></span> 
     </span>
     <span class='ocr_line' id='line_1_16' title="bbox 267 2055 1668 2160; baseline 0.003 -22"><span class='ocrx_word' id='word_1_149' title='bbox 267 2085 300 2138; x_wconf 90' lang='lat' dir='ltr'><strong>et</strong></span> <span class='ocrx_word' id='word_1_150' title='bbox 311 2071 480 2138; x_wconf 87' lang='lat' dir='ltr'><strong>tribunos</strong></span> <span class='ocrx_word' id='word_1_151' title='bbox 489 2072 603 2136; x_wconf 86' lang='lat' dir='ltr'><strong>edicto</strong></span> <span class='ocrx_word' id='word_1_152' title='bbox 611 2091 752 2136; x_wconf 86' lang='lat' dir='ltr'><strong>monere</strong></span> <span class='ocrx_word' id='word_1_153' title='bbox 761 2093 823 2136; x_wconf 89' lang='lat' dir='ltr'><strong>seu</strong></span> <span class='ocrx_word' id='word_1_154' title='bbox 831 2073 993 2137; x_wconf 80' lang='lat' dir='ltr'><strong>cohihere</strong></span> <span class='ocrx_word' id='word_1_155' title='bbox 1010 2093 1079 2137; x_wconf 89' lang='lat' dir='ltr'><strong>non</strong></span> <span class='ocrx_word' id='word_1_156' title='bbox 1094 2055 1209 2158; x_wconf 84' lang='lat' dir='ltr'><strong>potuit</strong></span> <span class='ocrx_word' id='word_1_157' title='bbox 1222 2095 1285 2139; x_wconf 88' lang='lat' dir='ltr'><strong>nec</strong></span> <span class='ocrx_word' id='word_1_158' title='bbox 1301 2075 1423 2139; x_wconf 84' lang='lat' dir='ltr'><strong>voluit.</strong></span> <span class='ocrx_word' id='word_1_159' title='bbox 1435 2097 1496 2140; x_wconf 89' lang='lat' dir='ltr'><strong>eas</strong></span> <span class='ocrx_word' id='word_1_160' title='bbox 1503 2070 1668 2160; x_wconf 80' lang='lat' dir='ltr'><strong>ipserum</strong></span> 
     </span>
     <span class='ocr_line' id='line_1_17' title="bbox 267 2174 1668 2276; baseline 0.006 -35"><span class='ocrx_word' id='word_1_161' title='bbox 267 2175 399 2268; x_wconf 86' lang='lat' dir='ltr'><strong>legatis</strong></span> <span class='ocrx_word' id='word_1_162' title='bbox 419 2176 622 2243; x_wconf 89' lang='lat' dir='ltr'><strong>circumire.</strong></span> <span class='ocrx_word' id='word_1_163' title='bbox 642 2198 781 2242; x_wconf 90' lang='lat' dir='ltr'><strong>easom.</strong></span> <span class='ocrx_word' id='word_1_164' title='bbox 803 2181 878 2276; x_wconf 68' lang='lat' dir='ltr'><strong>Yet.</strong></span> <span class='ocrx_word' id='word_1_165' title='bbox 893 2180 922 2240; x_wconf 82' lang='lat'><strong>5.</strong></span> <span class='ocrx_word' id='word_1_166' title='bbox 933 2179 1054 2262; x_wconf 88' lang='lat' dir='ltr'><strong>probo.</strong></span> <span class='ocrx_word' id='word_1_167' title='bbox 1076 2199 1157 2240; x_wconf 93' lang='lat' dir='ltr'><strong>cum</strong></span> <span class='ocrx_word' id='word_1_168' title='bbox 1169 2174 1285 2266; x_wconf 84' lang='lat' dir='ltr'><strong>signis</strong></span> <span class='ocrx_word' id='word_1_169' title='bbox 1283 2175 1511 2269; x_wconf 80' lang='lat' dir='ltr'><strong>frequentes.</strong></span> <span class='ocrx_word' id='word_1_170' title='bbox 1533 2183 1557 2246; x_wconf 88' lang='lat' dir='ltr'><strong>i.</strong></span> <span class='ocrx_word' id='word_1_171' title='bbox 1574 2205 1602 2249; x_wconf 88' lang='lat' dir='ltr'><strong>e.</strong></span> <span class='ocrx_word' id='word_1_172' title='bbox 1625 2205 1668 2250; x_wconf 86' lang='lat' dir='ltr'><strong>ne</strong></span> 
     </span>
     <span class='ocr_line' id='line_1_18' title="bbox 266 2281 1667 2374; baseline 0.005 -28"><span class='ocrx_word' id='word_1_173' title='bbox 266 2285 412 2369; x_wconf 85' lang='lat' dir='ltr'><strong>dispersi</strong></span> <span class='ocrx_word' id='word_1_174' title='bbox 433 2294 466 2348; x_wconf 88' lang='lat' dir='ltr'><strong>et</strong></span> <span class='ocrx_word' id='word_1_175' title='bbox 485 2286 607 2369; x_wconf 88' lang='lat' dir='ltr'><strong>procul</strong></span> <span class='ocrx_word' id='word_1_176' title='bbox 627 2304 650 2347; x_wconf 78' lang='grc' dir='ltr'><strong>ι</strong></span> <span class='ocrx_word' id='word_1_177' title='bbox 667 2285 775 2372; x_wconf 87' lang='lat' dir='ltr'><strong>signis</strong></span> <span class='ocrx_word' id='word_1_178' title='bbox 800 2283 929 2369; x_wconf 82' lang='lat' dir='ltr'><strong>singuli</strong></span> <span class='ocrx_word' id='word_1_179' title='bbox 958 2284 1165 2348; x_wconf 80' lang='lat' dir='ltr'><strong>incederent.</strong></span> <span class='ocrx_word' id='word_1_180' title='bbox 1186 2282 1258 2348; x_wconf 84' lang='lat' dir='ltr'><strong>elio</strong></span> <span class='ocrx_word' id='word_1_181' title='bbox 1276 2303 1378 2350; x_wconf 83' lang='lat' dir='ltr'><strong>seusu</strong></span> <span class='ocrx_word' id='word_1_182' title='bbox 1398 2287 1469 2350; x_wconf 84' lang='lat' dir='ltr'><strong>Cic.</strong></span> <span class='ocrx_word' id='word_1_183' title='bbox 1487 2281 1555 2352; x_wconf 83' lang='lat' dir='ltr'><strong>Off.</strong></span> <span class='ocrx_word' id='word_1_184' title='bbox 1568 2307 1597 2351; x_wconf 79' lang='lat' dir='ltr'><strong>a.</strong></span> <span class='ocrx_word' id='word_1_185' title='bbox 1619 2314 1667 2374; x_wconf 88' lang='lat'><strong>17.</strong></span> 
     </span>
     <span class='ocr_line' id='line_1_19' title="bbox 266 2384 1667 2484; baseline 0.004 -30"><span class='ocrx_word' id='word_1_186' title='bbox 266 2407 337 2455; x_wconf 85' lang='lat' dir='ltr'><strong>esse</strong></span> <span class='ocrx_word' id='word_1_187' title='bbox 348 2384 586 2478; x_wconf 84' lang='lat' dir='ltr'><strong>frequentem</strong></span> <span class='ocrx_word' id='word_1_188' title='bbox 609 2409 691 2454; x_wconf 89' lang='lat' dir='ltr'><strong>cum</strong></span> <span class='ocrx_word' id='word_1_189' title='bbox 712 2387 840 2473; x_wconf 88' lang='lat' dir='ltr'><strong>aliquo</strong></span> <span class='ocrx_word' id='word_1_190' title='bbox 860 2389 961 2474; x_wconf 83' lang='lat' dir='ltr'><strong>dicit,</strong></span> <span class='ocrx_word' id='word_1_191' title='bbox 982 2389 1005 2452; x_wconf 92' lang='lat' dir='ltr'><strong>i.</strong></span> <span class='ocrx_word' id='word_1_192' title='bbox 1027 2410 1056 2453; x_wconf 89' lang='lat' dir='ltr'><strong>e.</strong></span> <span class='ocrx_word' id='word_1_193' title='bbox 1075 2390 1213 2476; x_wconf 72' lang='lat' dir='ltr'><strong>sepius,</strong></span> <span class='ocrx_word' id='word_1_194' title='bbox 1234 2391 1383 2472; x_wconf 64' lang='lat' dir='ltr'><strong>assidam</strong></span> <span class='ocrx_word' id='word_1_195' title='bbox 1403 2397 1464 2464; x_wconf 83' lang='lat' dir='ltr'><strong>sed</strong></span> <span class='ocrx_word' id='word_1_196' title='bbox 1478 2394 1572 2459; x_wconf 87' lang='lat' dir='ltr'><strong>idem</strong></span> <span class='ocrx_word' id='word_1_197' title='bbox 1584 2397 1667 2484; x_wconf 84' lang='lat' dir='ltr'><strong>Epp.</strong></span> 
     </span>
     <span class='ocr_line' id='line_1_20' title="bbox 265 2493 1670 2589; baseline 0.006 -30"><span class='ocrx_word' id='word_1_198' title='bbox 265 2499 358 2560; x_wconf 79' lang='lat' dir='ltr'><strong>Fam.</strong></span> <span class='ocrx_word' id='word_1_199' title='bbox 373 2519 419 2560; x_wconf 93' lang='grc' dir='ltr'><strong>ιι.</strong></span> <span class='ocrx_word' id='word_1_200' title='bbox 433 2519 480 2560; x_wconf 91' lang='grc' dir='ltr'><strong>ιο.</strong></span> <span class='ocrx_word' id='word_1_201' title='bbox 502 2505 556 2561; x_wconf 90' lang='lat' dir='ltr'><strong>est</strong></span> <span class='ocrx_word' id='word_1_202' title='bbox 576 2517 749 2562; x_wconf 88' lang='lat' dir='ltr'><strong>numerus</strong></span> <span class='ocrx_word' id='word_1_203' title='bbox 769 2505 1021 2562; x_wconf 81' lang='lat' dir='ltr'><strong>veteranorum</strong></span> <span class='ocrx_word' id='word_1_204' title='bbox 1041 2495 1134 2560; x_wconf 87' lang='lat' dir='ltr'><strong>satis</strong></span> <span class='ocrx_word' id='word_1_205' title='bbox 1142 2493 1324 2589; x_wconf 79' lang='lat' dir='ltr'><strong>frequens</strong></span> <span class='ocrx_word' id='word_1_206' title='bbox 1345 2517 1426 2562; x_wconf 85' lang='lat' dir='ltr'><strong>cum</strong></span> <span class='ocrx_word' id='word_1_207' title='bbox 1439 2497 1670 2568; x_wconf 87' lang='lat' dir='ltr'><strong>Ventidio.-</strong></span> 
     </span>
     <span class='ocr_line' id='line_1_21' title="bbox 267 2599 1672 2688; baseline 0.006 -23"><span class='ocrx_word' id='word_1_208' title='bbox 267 2599 447 2686; x_wconf 86' lang='lat' dir='ltr'><strong>quispiam</strong></span> <span class='ocrx_word' id='word_1_209' title='bbox 464 2600 602 2668; x_wconf 86' lang='lat' dir='ltr'><strong>ordine.</strong></span> <span class='ocrx_word' id='word_1_210' title='bbox 622 2603 751 2668; x_wconf 87' lang='lat' dir='ltr'><strong>Heind.</strong></span> <span class='ocrx_word' id='word_1_211' title='bbox 778 2607 823 2666; x_wconf 83' lang='lat' dir='ltr'><strong>ad</strong></span> <span class='ocrx_word' id='word_1_212' title='bbox 850 2602 919 2666; x_wconf 84' lang='lat' dir='ltr'><strong>Cic.</strong></span> <span class='ocrx_word' id='word_1_213' title='bbox 939 2606 979 2667; x_wconf 89' lang='grc' dir='ltr'><strong>Ν.</strong></span> <span class='ocrx_word' id='word_1_214' title='bbox 999 2603 1041 2665; x_wconf 90' lang='lat' dir='ltr'><strong>D.</strong></span> <span class='ocrx_word' id='word_1_215' title='bbox 1054 2605 1084 2665; x_wconf 95' lang='grc'><strong>3.</strong></span> <span class='ocrx_word' id='word_1_216' title='bbox 1102 2617 1132 2677; x_wconf 97' lang='grc'><strong>4.</strong></span> <span class='ocrx_word' id='word_1_217' title='bbox 1152 2623 1199 2667; x_wconf 94' lang='grc' dir='ltr'><strong>ιι.</strong></span> <span class='ocrx_word' id='word_1_218' title='bbox 1226 2609 1329 2688; x_wconf 83' lang='lat' dir='ltr'><strong>negat</strong></span> <span class='ocrx_word' id='word_1_219' title='bbox 1355 2600 1535 2688; x_wconf 84' lang='lat' dir='ltr'><strong>quispiam</strong></span> <span class='ocrx_word' id='word_1_220' title='bbox 1555 2607 1672 2672; x_wconf 89' lang='lat' dir='ltr'><strong>locum</strong></span> 
     </span>
     <span class='ocr_line' id='line_1_22' title="bbox 265 2706 1671 2793; baseline 0.004 -22"><span class='ocrx_word' id='word_1_221' title='bbox 265 2711 393 2773; x_wconf 84' lang='lat' dir='ltr'><strong>habere</strong></span> <span class='ocrx_word' id='word_1_222' title='bbox 413 2727 530 2793; x_wconf 82' lang='lat' dir='ltr'><strong>posse,</strong></span> <span class='ocrx_word' id='word_1_223' title='bbox 547 2709 610 2772; x_wconf 87' lang='lat' dir='ltr'><strong>ubi</strong></span> <span class='ocrx_word' id='word_1_224' title='bbox 628 2709 798 2782; x_wconf 79' lang='lat' dir='ltr'><strong>sententia</strong></span> <span class='ocrx_word' id='word_1_225' title='bbox 819 2728 946 2792; x_wconf 83' lang='lat' dir='ltr'><strong>negans</strong></span> <span class='ocrx_word' id='word_1_226' title='bbox 964 2708 1024 2788; x_wconf 63' lang='grc' dir='ltr'><strong>εἰη</strong></span> <span class='ocrx_word' id='word_1_227' title='bbox 1050 2710 1111 2772; x_wconf 85' lang='lat' dir='ltr'><strong>sed</strong></span> <span class='ocrx_word' id='word_1_228' title='bbox 1130 2706 1191 2770; x_wconf 80' lang='lat' dir='ltr'><strong>cir.</strong></span> <span class='ocrx_word' id='word_1_229' title='bbox 1211 2707 1327 2770; x_wconf 83' lang='lat' dir='ltr'><strong>Justin</strong></span> <span class='ocrx_word' id='word_1_230' title='bbox 1341 2709 1391 2771; x_wconf 88' lang='grc'><strong>33.</strong></span> <span class='ocrx_word' id='word_1_231' title='bbox 1409 2731 1438 2790; x_wconf 92' lang='lat'><strong>7.</strong></span> <span class='ocrx_word' id='word_1_232' title='bbox 1458 2714 1671 2793; x_wconf 88' lang='lat' dir='ltr'><strong>nequeAle·</strong></span> 
     </span>
     <span class='ocr_line' id='line_1_23' title="bbox 264 2810 1670 2905; baseline 0 -27"><span class='ocrx_word' id='word_1_233' title='bbox 264 2817 418 2898; x_wconf 70' lang='lat' dir='ltr'><strong>eander,</strong></span> <span class='ocrx_word' id='word_1_234' title='bbox 437 2835 552 2897; x_wconf 87' lang='lat' dir='ltr'><strong>neque</strong></span> <span class='ocrx_word' id='word_1_235' title='bbox 573 2810 751 2896; x_wconf 83' lang='lat' dir='ltr'><strong>quispiam</strong></span> <span class='ocrx_word' id='word_1_236' title='bbox 770 2833 1018 2878; x_wconf 89' lang='lat' dir='ltr'><strong>successorum</strong></span> <span class='ocrx_word' id='word_1_237' title='bbox 1040 2812 1128 2905; x_wconf 84' lang='lat' dir='ltr'><strong>ejus.</strong></span> <span class='ocrx_word' id='word_1_238' title='bbox 1149 2813 1341 2894; x_wconf 85' lang='lat' dir='ltr'><strong>quisquam</strong></span> <span class='ocrx_word' id='word_1_239' title='bbox 1358 2821 1392 2876; x_wconf 89' lang='lat' dir='ltr'><strong>et</strong></span> <span class='ocrx_word' id='word_1_240' title='bbox 1404 2811 1583 2896; x_wconf 82' lang='lat' dir='ltr'><em>quispiam</em></span> <span class='ocrx_word' id='word_1_241' title='bbox 1592 2836 1670 2878; x_wconf 90' lang='lat' dir='ltr'><strong>mu-</strong></span> 
     </span>
     <span class='ocr_line' id='line_1_24' title="bbox 266 2917 1304 3003; baseline -0.001 -20"><span class='ocrx_word' id='word_1_242' title='bbox 266 2920 332 2983; x_wconf 83' lang='lat' dir='ltr'><strong>tari</strong></span> <span class='ocrx_word' id='word_1_243' title='bbox 354 2919 456 2983; x_wconf 84' lang='lat' dir='ltr'><strong>etiam</strong></span> <span class='ocrx_word' id='word_1_244' title='bbox 476 2920 516 2982; x_wconf 89' lang='lat' dir='ltr'><strong>V.</strong></span> <span class='ocrx_word' id='word_1_245' title='bbox 538 2919 587 2979; x_wconf 94' lang='lat' dir='ltr'><strong>Cl.</strong></span> <span class='ocrx_word' id='word_1_246' title='bbox 608 2920 721 2980; x_wconf 75' lang='lat' dir='ltr'><strong>Crem.</strong></span> <span class='ocrx_word' id='word_1_247' title='bbox 742 2917 877 2980; x_wconf 89' lang='lat' dir='ltr'><strong>monuit</strong></span> <span class='ocrx_word' id='word_1_248' title='bbox 898 2920 942 2978; x_wconf 82' lang='lat' dir='ltr'><strong>ud</strong></span> <span class='ocrx_word' id='word_1_249' title='bbox 963 2918 1031 2980; x_wconf 86' lang='lat' dir='ltr'><strong>Cic.</strong></span> <span class='ocrx_word' id='word_1_250' title='bbox 1051 2920 1095 2980; x_wconf 90' lang='lat' dir='ltr'><strong>de</strong></span> <span class='ocrx_word' id='word_1_251' title='bbox 1115 2919 1218 3003; x_wconf 84' lang='lat' dir='ltr'><strong>Legg.</strong></span> <span class='ocrx_word' id='word_1_252' title='bbox 1232 2921 1262 2980; x_wconf 84' lang='grc'><strong>3.</strong></span> <span class='ocrx_word' id='word_1_253' title='bbox 1274 2919 1304 2984; x_wconf 84' lang='grc'><strong>8.</strong></span> 
     </span>
    </p>

    <p class='ocr_par' dir='ltr' id='par_1_3' title="bbox 264 3019 1670 4270">
     <span class='ocr_line' id='line_1_25' title="bbox 274 3019 1667 3108; baseline 0.001 -24"><span class='ocrx_word' id='word_1_254' title='bbox 274 3081 278 3084; x_wconf 87' lang='lat'><strong>.</strong></span> <span class='ocrx_word' id='word_1_255' title='bbox 355 3026 436 3108; x_wconf 80' lang='lat' dir='ltr'><strong>Cep.</strong></span> <span class='ocrx_word' id='word_1_256' title='bbox 458 3023 573 3086; x_wconf 86' lang='lat' dir='ltr'><strong>XLVI.</strong></span> <span class='ocrx_word' id='word_1_257' title='bbox 596 3019 808 3086; x_wconf 90' lang='lat' dir='ltr'><strong>innocentia</strong></span> <span class='ocrx_word' id='word_1_258' title='bbox 828 3021 979 3084; x_wconf 73' lang='lat' dir='ltr'><strong>avaritie</strong></span> <span class='ocrx_word' id='word_1_259' title='bbox 999 3021 1174 3104; x_wconf 81' lang='lat' dir='ltr'><strong>opposite,</strong></span> <span class='ocrx_word' id='word_1_260' title='bbox 1196 3029 1236 3083; x_wconf 91' lang='lat' dir='ltr'><strong>ut</strong></span> <span class='ocrx_word' id='word_1_261' title='bbox 1255 3024 1348 3104; x_wconf 81' lang='lat' dir='ltr'><strong>apud</strong></span> <span class='ocrx_word' id='word_1_262' title='bbox 1369 3023 1450 3086; x_wconf 81' lang='lat' dir='ltr'><strong>Caes.</strong></span> <span class='ocrx_word' id='word_1_263' title='bbox 1470 3021 1505 3090; x_wconf 90' lang='grc' dir='ltr'><strong>Β.</strong></span> <span class='ocrx_word' id='word_1_264' title='bbox 1520 3023 1560 3086; x_wconf 85' lang='lat' dir='ltr'><strong>G.</strong></span> <span class='ocrx_word' id='word_1_265' title='bbox 1576 3045 1601 3085; x_wconf 90' lang='lat'><strong>1.</strong></span> <span class='ocrx_word' id='word_1_266' title='bbox 1617 3038 1667 3100; x_wconf 89' lang='grc' dir='ltr'><strong>4ο.</strong></span> 
     </span>
     <span class='ocr_line' id='line_1_26' title="bbox 267 3122 1670 3223; baseline 0.001 -29"><span class='ocrx_word' id='word_1_267' title='bbox 267 3139 300 3196; x_wconf 91' lang='lat' dir='ltr'><strong>et</strong></span> <span class='ocrx_word' id='word_1_268' title='bbox 311 3131 389 3192; x_wconf 84' lang='lat' dir='ltr'><strong>Tac.</strong></span> <span class='ocrx_word' id='word_1_269' title='bbox 405 3133 491 3195; x_wconf 83' lang='grc' dir='ltr'><strong>Αιιιι.</strong></span> <span class='ocrx_word' id='word_1_270' title='bbox 508 3149 532 3193; x_wconf 88' lang='grc' dir='ltr'><strong>ι.</strong></span> <span class='ocrx_word' id='word_1_271' title='bbox 547 3143 597 3203; x_wconf 87' lang='grc'><strong>44.</strong></span> <span class='ocrx_word' id='word_1_272' title='bbox 611 3122 869 3210; x_wconf 65' lang='lat' dir='ltr'><strong>supplicitate.</strong></span> <span class='ocrx_word' id='word_1_273' title='bbox 884 3123 1020 3223; x_wconf 63' lang='lat' dir='ltr'><strong>iurisque</strong></span> <span class='ocrx_word' id='word_1_274' title='bbox 1033 3124 1171 3188; x_wconf 85' lang='lat' dir='ltr'><strong>frondes</strong></span> <span class='ocrx_word' id='word_1_275' title='bbox 1181 3127 1307 3190; x_wconf 83' lang='lat' dir='ltr'><strong>luureae</strong></span> <span class='ocrx_word' id='word_1_276' title='bbox 1316 3127 1373 3188; x_wconf 86' lang='lat' dir='ltr'><strong>vel</strong></span> <span class='ocrx_word' id='word_1_277' title='bbox 1387 3127 1565 3212; x_wconf 74' lang='lat' dir='ltr'><strong>oleagina,</strong></span> <span class='ocrx_word' id='word_1_278' title='bbox 1584 3149 1670 3212; x_wconf 81' lang='lat' dir='ltr'><strong>quas</strong></span> 
     </span>
     <span class='ocr_line' id='line_1_27' title="bbox 266 3230 1669 3319; baseline -0.001 -19"><span class='ocrx_word' id='word_1_279' title='bbox 266 3235 426 3300; x_wconf 82' lang='lat' dir='ltr'><strong>menibus</strong></span> <span class='ocrx_word' id='word_1_280' title='bbox 452 3242 605 3298; x_wconf 85' lang='lat' dir='ltr'><strong>tenentes</strong></span> <span class='ocrx_word' id='word_1_281' title='bbox 632 3232 802 3317; x_wconf 85' lang='lat' dir='ltr'><strong>supplices</strong></span> <span class='ocrx_word' id='word_1_282' title='bbox 827 3250 946 3314; x_wconf 86' lang='lat' dir='ltr'><strong>pacem</strong></span> <span class='ocrx_word' id='word_1_283' title='bbox 974 3230 1146 3314; x_wconf 62' lang='lat' dir='ltr'><strong>petebant.</strong></span> <span class='ocrx_word' id='word_1_284' title='bbox 1174 3230 1234 3294; x_wconf 86' lang='lat' dir='ltr'><strong>cfr.</strong></span> <span class='ocrx_word' id='word_1_285' title='bbox 1262 3233 1347 3294; x_wconf 85' lang='lat' dir='ltr'><strong>Fest.</strong></span> <span class='ocrx_word' id='word_1_286' title='bbox 1366 3251 1392 3298; x_wconf 89' lang='lat' dir='ltr'><strong>s.</strong></span> <span class='ocrx_word' id='word_1_287' title='bbox 1419 3254 1452 3296; x_wconf 86' lang='lat' dir='ltr'><strong>v.</strong></span> <span class='ocrx_word' id='word_1_288' title='bbox 1473 3235 1669 3319; x_wconf 78' lang='lat' dir='ltr'><strong>„supplicia</strong></span> 
     </span>
     <span class='ocr_line' id='line_1_28' title="bbox 266 3336 1668 3427; baseline -0.001 -20"><span class='ocrx_word' id='word_1_289' title='bbox 266 3350 361 3427; x_wconf 85' lang='lat' dir='ltr'><strong>sunt,</strong></span> <span class='ocrx_word' id='word_1_290' title='bbox 381 3363 458 3424; x_wconf 80' lang='lat' dir='ltr'><strong>quae</strong></span> <span class='ocrx_word' id='word_1_291' title='bbox 477 3343 714 3404; x_wconf 80' lang='lat' dir='ltr'><strong>caduceatores</strong></span> <span class='ocrx_word' id='word_1_292' title='bbox 733 3345 887 3423; x_wconf 80' lang='lat' dir='ltr'><strong>portant3</strong></span> <span class='ocrx_word' id='word_1_293' title='bbox 916 3357 956 3402; x_wconf 86' lang='lat' dir='ltr'><strong>ea</strong></span> <span class='ocrx_word' id='word_1_294' title='bbox 972 3339 1194 3402; x_wconf 84' lang='lat' dir='ltr'><strong>sumebantur</strong></span> <span class='ocrx_word' id='word_1_295' title='bbox 1214 3357 1255 3402; x_wconf 86' lang='lat' dir='ltr'><strong>cx</strong></span> <span class='ocrx_word' id='word_1_296' title='bbox 1274 3338 1429 3410; x_wconf 73' lang='lat' dir='ltr'><strong>verbena,</strong></span> <span class='ocrx_word' id='word_1_297' title='bbox 1443 3336 1554 3404; x_wconf 79' lang='lat' dir='ltr'><strong>felicis</strong></span> <span class='ocrx_word' id='word_1_298' title='bbox 1567 3343 1668 3406; x_wconf 81' lang='lat' dir='ltr'><strong>arbo-</strong></span> 
     </span>
     <span class='ocr_line' id='line_1_29' title="bbox 266 3439 1669 3535; baseline -0.002 -20"><span class='ocrx_word' id='word_1_299' title='bbox 266 3451 331 3535; x_wconf 84' lang='lat' dir='ltr'><strong>ris,</strong></span> <span class='ocrx_word' id='word_1_300' title='bbox 351 3469 414 3512; x_wconf 88' lang='lat' dir='ltr'><strong>nec</strong></span> <span class='ocrx_word' id='word_1_301' title='bbox 434 3447 529 3512; x_wconf 87' lang='lat' dir='ltr'><strong>enim</strong></span> <span class='ocrx_word' id='word_1_302' title='bbox 549 3467 591 3511; x_wconf 89' lang='lat' dir='ltr'><strong>ex</strong></span> <span class='ocrx_word' id='word_1_303' title='bbox 610 3445 680 3509; x_wconf 84' lang='lat' dir='ltr'><strong>alio</strong></span> <span class='ocrx_word' id='word_1_304' title='bbox 701 3446 871 3529; x_wconf 85' lang='lat' dir='ltr'><strong>supplicia</strong></span> <span class='ocrx_word' id='word_1_305' title='bbox 892 3446 942 3508; x_wconf 80' lang='lat' dir='ltr'><strong>tas</strong></span> <span class='ocrx_word' id='word_1_306' title='bbox 963 3455 1050 3530; x_wconf 84' lang='lat' dir='ltr'><strong>erat,</strong></span> <span class='ocrx_word' id='word_1_307' title='bbox 1070 3439 1174 3527; x_wconf 84' lang='lat' dir='ltr'><strong>quam</strong></span> <span class='ocrx_word' id='word_1_308' title='bbox 1187 3464 1228 3508; x_wconf 80' lang='lat' dir='ltr'><strong>ex</strong></span> <span class='ocrx_word' id='word_1_309' title='bbox 1239 3443 1398 3508; x_wconf 84' lang='lat' dir='ltr'><strong>verbenis</strong></span> <span class='ocrx_word' id='word_1_310' title='bbox 1412 3444 1535 3511; x_wconf 61' lang='lat' dir='ltr'><strong>sumt.»</strong></span> <span class='ocrx_word' id='word_1_311' title='bbox 1552 3467 1669 3534; x_wconf 84' lang='lat' dir='ltr'><strong>genus</strong></span> 
     </span>
     <span class='ocr_line' id='line_1_30' title="bbox 267 3548 1666 3638; baseline -0.003 -17"><span class='ocrx_word' id='word_1_312' title='bbox 267 3551 526 3622; x_wconf 83' lang='lat' dir='ltr'><strong>Numidarum.</strong></span> <span class='ocrx_word' id='word_1_313' title='bbox 547 3551 607 3618; x_wconf 85' lang='lat' dir='ltr'><strong>cfr.</strong></span> <span class='ocrx_word' id='word_1_314' title='bbox 628 3553 700 3614; x_wconf 80' lang='lat' dir='ltr'><strong>Cat.</strong></span> <span class='ocrx_word' id='word_1_315' title='bbox 716 3555 744 3614; x_wconf 83' lang='lat'><strong>6.</strong></span> <span class='ocrx_word' id='word_1_316' title='bbox 765 3553 843 3637; x_wconf 82' lang='lat' dir='ltr'><strong>ing.</strong></span> <span class='ocrx_word' id='word_1_317' title='bbox 856 3569 886 3614; x_wconf 79' lang='lat' dir='ltr'><strong>a.</strong></span> <span class='ocrx_word' id='word_1_318' title='bbox 909 3552 999 3614; x_wconf 81' lang='lat' dir='ltr'><strong>infra</strong></span> <span class='ocrx_word' id='word_1_319' title='bbox 1013 3569 1063 3631; x_wconf 77' lang='grc'><strong>47.</strong></span> <span class='ocrx_word' id='word_1_320' title='bbox 1088 3548 1311 3638; x_wconf 80' lang='lat' dir='ltr'><strong>adgreditur.</strong></span> <span class='ocrx_word' id='word_1_321' title='bbox 1337 3551 1361 3614; x_wconf 88' lang='lat' dir='ltr'><strong>i.</strong></span> <span class='ocrx_word' id='word_1_322' title='bbox 1375 3571 1405 3618; x_wconf 87' lang='lat' dir='ltr'><strong>e.</strong></span> <span class='ocrx_word' id='word_1_323' title='bbox 1425 3551 1586 3636; x_wconf 81' lang='lat' dir='ltr'><strong>adpeliut.</strong></span> <span class='ocrx_word' id='word_1_324' title='bbox 1606 3553 1666 3617; x_wconf 84' lang='lat' dir='ltr'><strong>cfr.</strong></span> 
     </span>
     <span class='ocr_line' id='line_1_31' title="bbox 267 3652 1669 3745; baseline -0.002 -22"><span class='ocrx_word' id='word_1_325' title='bbox 267 3659 334 3728; x_wconf 82' lang='lat' dir='ltr'><strong>Cic.</strong></span> <span class='ocrx_word' id='word_1_326' title='bbox 355 3662 439 3744; x_wconf 89' lang='lat' dir='ltr'><strong>Epp.</strong></span> <span class='ocrx_word' id='word_1_327' title='bbox 457 3659 526 3721; x_wconf 77' lang='lat' dir='ltr'><strong>Art.</strong></span> <span class='ocrx_word' id='word_1_328' title='bbox 543 3674 593 3718; x_wconf 74' lang='grc' dir='ltr'><strong>ιι.</strong></span> <span class='ocrx_word' id='word_1_329' title='bbox 610 3660 660 3719; x_wconf 88' lang='grc'><strong>33.</strong></span> <span class='ocrx_word' id='word_1_330' title='bbox 692 3653 727 3721; x_wconf 84' lang='lat' dir='ltr'><strong>si</strong></span> <span class='ocrx_word' id='word_1_331' title='bbox 745 3677 812 3720; x_wconf 87' lang='lat' dir='ltr'><strong>nec</strong></span> <span class='ocrx_word' id='word_1_332' title='bbox 832 3659 973 3724; x_wconf 86' lang='lat' dir='ltr'><strong>Drusus</strong></span> <span class='ocrx_word' id='word_1_333' title='bbox 983 3652 1140 3745; x_wconf 87' lang='lat' dir='ltr'><strong>facilem</strong></span> <span class='ocrx_word' id='word_1_334' title='bbox 1161 3676 1199 3718; x_wconf 91' lang='lat' dir='ltr'><strong>se</strong></span> <span class='ocrx_word' id='word_1_335' title='bbox 1210 3652 1441 3738; x_wconf 82' lang='lat' dir='ltr'><strong>praebuerit,</strong></span> <span class='ocrx_word' id='word_1_336' title='bbox 1473 3653 1669 3739; x_wconf 85' lang='lat' dir='ltr'><strong>Damasip-</strong></span> 
     </span>
     <span class='ocr_line' id='line_1_32' title="bbox 264 3754 1669 3852; baseline -0.003 -24"><span class='ocrx_word' id='word_1_337' title='bbox 264 3785 353 3849; x_wconf 87' lang='lat' dir='ltr'><strong>pum</strong></span> <span class='ocrx_word' id='word_1_338' title='bbox 373 3761 479 3828; x_wconf 87' lang='lat' dir='ltr'><strong>oelim</strong></span> <span class='ocrx_word' id='word_1_339' title='bbox 500 3760 727 3852; x_wconf 76' lang='lat' dir='ltr'><strong>aggrediare.</strong></span> <span class='ocrx_word' id='word_1_340' title='bbox 745 3785 788 3814; x_wconf 90' lang='grc'><strong>-·-</strong></span> <span class='ocrx_word' id='word_1_341' title='bbox 807 3772 1035 3846; x_wconf 86' lang='lat' dir='ltr'><strong>opportunos</strong></span> <span class='ocrx_word' id='word_1_342' title='bbox 1060 3768 1252 3849; x_wconf 84' lang='lat' dir='ltr'><strong>cognorat.</strong></span> <span class='ocrx_word' id='word_1_343' title='bbox 1271 3762 1356 3823; x_wconf 85' lang='lat' dir='ltr'><strong>Ven.</strong></span> <span class='ocrx_word' id='word_1_344' title='bbox 1376 3775 1404 3819; x_wconf 79' lang='lat' dir='ltr'><strong>a.</strong></span> <span class='ocrx_word' id='word_1_345' title='bbox 1433 3754 1505 3822; x_wconf 77' lang='lat' dir='ltr'><strong>sibi</strong></span> <span class='ocrx_word' id='word_1_346' title='bbox 1523 3769 1669 3844; x_wconf 86' lang='lat' dir='ltr'><strong>opport.</strong></span> 
     </span>
     <span class='ocr_line' id='line_1_33' title="bbox 268 3862 1668 3948; baseline -0.002 -16"><span class='ocrx_word' id='word_1_347' title='bbox 268 3870 354 3932; x_wconf 87' lang='lat' dir='ltr'><strong>Min.</strong></span> <span class='ocrx_word' id='word_1_348' title='bbox 369 3887 399 3931; x_wconf 84' lang='lat' dir='ltr'><strong>a.</strong></span> <span class='ocrx_word' id='word_1_349' title='bbox 417 3893 442 3936; x_wconf 93' lang='grc' dir='ltr'><strong>ι.</strong></span> <span class='ocrx_word' id='word_1_350' title='bbox 460 3872 546 3933; x_wconf 80' lang='lat' dir='ltr'><strong>haec</strong></span> <span class='ocrx_word' id='word_1_351' title='bbox 564 3867 719 3948; x_wconf 78' lang='lat' dir='ltr'><strong>varietas,</strong></span> <span class='ocrx_word' id='word_1_352' title='bbox 739 3875 871 3930; x_wconf 85' lang='lat' dir='ltr'><strong>tantum</strong></span> <span class='ocrx_word' id='word_1_353' title='bbox 892 3867 930 3930; x_wconf 88' lang='lat' dir='ltr'><strong>in</strong></span> <span class='ocrx_word' id='word_1_354' title='bbox 952 3868 1087 3929; x_wconf 88' lang='lat' dir='ltr'><strong>duobus</strong></span> <span class='ocrx_word' id='word_1_355' title='bbox 1104 3869 1211 3929; x_wconf 83' lang='lat' dir='ltr'><strong>codd.</strong></span> <span class='ocrx_word' id='word_1_356' title='bbox 1234 3885 1274 3927; x_wconf 80' lang='lat' dir='ltr'><strong>cx</strong></span> <span class='ocrx_word' id='word_1_357' title='bbox 1293 3871 1390 3927; x_wconf 83' lang='lat' dir='ltr'><strong>tento</strong></span> <span class='ocrx_word' id='word_1_358' title='bbox 1409 3862 1581 3928; x_wconf 87' lang='lat' dir='ltr'><strong>librorum</strong></span> <span class='ocrx_word' id='word_1_359' title='bbox 1602 3884 1668 3930; x_wconf 90' lang='lat' dir='ltr'><strong>nu-</strong></span> 
     </span>
     <span class='ocr_line' id='line_1_34' title="bbox 268 3971 1666 4059; baseline -0.004 -21"><span class='ocrx_word' id='word_1_360' title='bbox 268 3995 363 4040; x_wconf 89' lang='lat' dir='ltr'><strong>mero</strong></span> <span class='ocrx_word' id='word_1_361' title='bbox 384 3976 539 4055; x_wconf 80' lang='lat' dir='ltr'><strong>invente,</strong></span> <span class='ocrx_word' id='word_1_362' title='bbox 561 3993 707 4038; x_wconf 86' lang='lat' dir='ltr'><strong>menon</strong></span> <span class='ocrx_word' id='word_1_363' title='bbox 728 3973 881 4059; x_wconf 78' lang='lat' dir='ltr'><strong>adducit,</strong></span> <span class='ocrx_word' id='word_1_364' title='bbox 904 3981 943 4036; x_wconf 91' lang='lat' dir='ltr'><strong>ut</strong></span> <span class='ocrx_word' id='word_1_365' title='bbox 961 3991 1153 4056; x_wconf 85' lang='lat' dir='ltr'><strong>pronomen</strong></span> <span class='ocrx_word' id='word_1_366' title='bbox 1173 3971 1402 4034; x_wconf 84' lang='lat' dir='ltr'><strong>omittendum</strong></span> <span class='ocrx_word' id='word_1_367' title='bbox 1423 3987 1496 4034; x_wconf 85' lang='lat' dir='ltr'><strong>esse</strong></span> <span class='ocrx_word' id='word_1_368' title='bbox 1512 3979 1666 4035; x_wconf 79' lang='lat' dir='ltr'><strong>statuam.</strong></span> 
     </span>
     <span class='ocr_line' id='line_1_35' title="bbox 269 4069 1667 4163; baseline -0.004 -19"><span class='ocrx_word' id='word_1_369' title='bbox 269 4080 349 4144; x_wconf 80' lang='lat' dir='ltr'><strong>setis</strong></span> <span class='ocrx_word' id='word_1_370' title='bbox 376 4090 435 4163; x_wconf 84' lang='lat' dir='ltr'><strong>est,</strong></span> <span class='ocrx_word' id='word_1_371' title='bbox 463 4082 557 4162; x_wconf 83' lang='lat' dir='ltr'><strong>qu&#39;od</strong></span> <span class='ocrx_word' id='word_1_372' title='bbox 576 4080 615 4144; x_wconf 91' lang='lat' dir='ltr'><strong>in</strong></span> <span class='ocrx_word' id='word_1_373' title='bbox 641 4069 863 4163; x_wconf 80' lang='lat' dir='ltr'><strong>sequentibus</strong></span> <span class='ocrx_word' id='word_1_374' title='bbox 883 4077 937 4141; x_wconf 83' lang='lat' dir='ltr'><strong>bis</strong></span> <span class='ocrx_word' id='word_1_375' title='bbox 956 4097 1041 4161; x_wconf 82' lang='lat' dir='ltr'><strong>pron</strong></span> <span class='ocrx_word' id='word_1_376' title='bbox 1082 4097 1147 4140; x_wconf 80' lang='lat' dir='ltr'><strong>nen</strong></span> <span class='ocrx_word' id='word_1_377' title='bbox 1168 4075 1332 4140; x_wconf 83' lang='lat' dir='ltr'><strong>omissum</strong></span> <span class='ocrx_word' id='word_1_378' title='bbox 1352 4083 1410 4139; x_wconf 85' lang='lat' dir='ltr'><strong>est.</strong></span> <span class='ocrx_word' id='word_1_379' title='bbox 1432 4095 1601 4140; x_wconf 77' lang='lat' dir='ltr'><strong>maxume</strong></span> <span class='ocrx_word' id='word_1_380' title='bbox 1620 4077 1667 4138; x_wconf 80' lang='lat' dir='ltr'><strong>vi·</strong></span> 
     </span>
     <span class='ocr_line' id='line_1_36' title="bbox 268 4177 1667 4270; baseline -0.005 -20"><span class='ocrx_word' id='word_1_381' title='bbox 268 4207 364 4250; x_wconf 86' lang='lat' dir='ltr'><strong>vum.</strong></span> <span class='ocrx_word' id='word_1_382' title='bbox 384 4186 466 4251; x_wconf 84' lang='lat' dir='ltr'><strong>vide</strong></span> <span class='ocrx_word' id='word_1_383' title='bbox 485 4205 588 4270; x_wconf 83' lang='lat' dir='ltr'><strong>supra</strong></span> <span class='ocrx_word' id='word_1_384' title='bbox 608 4205 681 4270; x_wconf 81' lang='lat' dir='ltr'><strong>cap.</strong></span> <span class='ocrx_word' id='word_1_385' title='bbox 695 4189 746 4266; x_wconf 72' lang='grc'><strong>39.</strong></span> <span class='ocrx_word' id='word_1_386' title='bbox 767 4184 967 4269; x_wconf 86' lang='lat' dir='ltr'><strong>persuadet</strong></span> <span class='ocrx_word' id='word_1_387' title='bbox 985 4219 1027 4234; x_wconf 97' lang='lat'>-</span> <span class='ocrx_word' id='word_1_388' title='bbox 1051 4213 1063 4243; x_wconf 78' lang='grc' dir='ltr'><strong>ι</strong></span> <span class='ocrx_word' id='word_1_389' title='bbox 1097 4181 1249 4246; x_wconf 74' lang='lat' dir='ltr'><strong>va&#39;erent.</strong></span> <span class='ocrx_word' id='word_1_390' title='bbox 1267 4177 1509 4266; x_wconf 71' lang='lat' dir='ltr'><strong>Imperfectum</strong></span> <span class='ocrx_word' id='word_1_391' title='bbox 1529 4189 1563 4242; x_wconf 88' lang='lat' dir='ltr'><strong>et</strong></span> <span class='ocrx_word' id='word_1_392' title='bbox 1582 4199 1667 4262; x_wconf 84' lang='lat' dir='ltr'><strong>pree·</strong></span> 
     </span>
    </p>
   </div>
   <div class='ocr_carea' id='block_1_3' title="bbox 269 4285 1666 4446">
    <p class='ocr_par' dir='ltr' id='par_1_4' title="bbox 269 4285 1666 4446">
     <span class='ocr_line' id='line_1_37' title="bbox 269 4285 1666 4376; baseline -0.004 -20"><span class='ocrx_word' id='word_1_393' title='bbox 269 4311 348 4356; x_wconf 89' lang='lat' dir='ltr'><strong>sens</strong></span> <span class='ocrx_word' id='word_1_394' title='bbox 367 4300 638 4376; x_wconf 85' lang='lat' dir='ltr'><strong>componuntur,</strong></span> <span class='ocrx_word' id='word_1_395' title='bbox 658 4295 751 4375; x_wconf 88' lang='lat' dir='ltr'><strong>quod</strong></span> <span class='ocrx_word' id='word_1_396' title='bbox 771 4292 808 4356; x_wconf 90' lang='lat' dir='ltr'><strong>id</strong></span> <span class='ocrx_word' id='word_1_397' title='bbox 826 4291 904 4356; x_wconf 90' lang='lat' dir='ltr'><strong>loco</strong></span> <span class='ocrx_word' id='word_1_398' title='bbox 926 4288 1088 4374; x_wconf 85' lang='lat' dir='ltr'><strong>temporis</strong></span> <span class='ocrx_word' id='word_1_399' title='bbox 1121 4286 1264 4351; x_wconf 59' lang='lat' dir='ltr'><strong>Asturici</strong></span> <span class='ocrx_word' id='word_1_400' title='bbox 1283 4285 1502 4369; x_wconf 84' lang='lat' dir='ltr'><strong>positumest.</strong></span> <span class='ocrx_word' id='word_1_401' title='bbox 1520 4285 1600 4352; x_wconf 78' lang='lat' dir='ltr'><strong>ride</strong></span> <span class='ocrx_word' id='word_1_402' title='bbox 1612 4307 1666 4350; x_wconf 78' lang='lat' dir='ltr'><strong>su-</strong></span> 
     </span>
     <span class='ocr_line' id='line_1_38' title="bbox 907 4397 1320 4446; baseline -0.005 2"><span class='ocrx_word' id='word_1_403' title='bbox 907 4409 910 4414; x_wconf 70' lang='grc'><strong>’</strong></span> <span class='ocrx_word' id='word_1_404' title='bbox 1295 4397 1320 4446; x_wconf 71' lang='grc' dir='ltr'><strong>ιι</strong></span> 
     </span>
    </p>
   </div>
   <div class='ocr_carea' id='block_1_4' title="bbox 0 0 2058 4976">
    <p class='ocr_par' dir='ltr' id='par_1_5' title="bbox 0 0 2058 4976">
     <span class='ocr_line' id='line_1_39' title="bbox 0 0 2058 4976; baseline 0 0"><span class='ocrx_word' id='word_1_405' title='bbox 0 0 2058 4976; x_wconf 95' lang='lat' dir='ltr'><strong> </strong></span> 
     </span>
    </p>
   </div>
  </div>
 </body>
</html>
