4116 4970
419 683 423 692 .
889 631 951 690 'Ca
977 631 1032 692 .l.

261 715 423 788 'Primum
432 723 716 807 deinscriptione.
726 729 832 792 Godd.
846 729 908 792 alii
917 650 1028 797 ulier.
1041 735 1099 800 De
1111 722 1371 817 conjuratione
1382 715 1665 796 CatilinaeMed.

269 828 296 888 l.
308 829 379 891 Bas.
388 830 444 892 IV.
460 828 502 890 de
513 823 837 895 belloCatilinario
852 835 978 897 Meas.
993 839 1022 904 6.
1043 858 1091 908 rr.
1103 830 1368 902 Catilinarium
1384 834 1474 897 Med.
1491 849 1519 894 2.
1535 825 1667 895 Catili·
1747 843 1752 860 '

269 929 399 994 narius
413 928 505 994 liber
511 932 601 994 Med.
614 933 644 994 ⁵,
662 933 805 994 Bellum
818 932 1081 1002 Catilinarinm
1089 941 1232 1022 Tegern.
1252 939 1309 1000 De
1323 933 1424 1000 bellis
1433 927 1621 1000 Catilinae
1632 941 1667 996 et

268 1035 305 1099 J
302 1035 485 1121 ugurthae
495 1037 565 1096 Bas.
575 1035 600 1094 I.
611 1025 721 1098 Liber
726 1055 870 1116 primus
885 1034 924 1100 in
935 1037 1161 1106 Catilinario
1171 1036 1332 1124 explicit.
1342 1043 1423 1102 Tur.
1443 1042 1470 1106 1.
1484 1031 1668 1126 Catilina-

269 1134 322 1200 rii
332 1135 509 1201 liberTur.
527 1153 556 1212 4.
576 1139 634 1200 De
653 1134 912 1228 conjuratione
927 1141 1114 1208 Catilinae
1134 1147 1200 1205 Bas.
1210 1159 1237 1219 4.
1260 1145 1308 1204 Ex
1322 1143 1448 1224 quibus
1467 1145 1543 1204 duae
1559 1139 1668 1224 pluri·

268 1263 365 1305 mum
387 1240 598 1306 auctoritatis
622 1243 749 1307 habere
773 1244 951 1330 videntur,
979 1248 1021 1310 de
1041 1245 1301 1337 conjuratione
1323 1243 1516 1312 Catilinae.
1558 1247 1668 1328 Quam
1742 1315 1748 1322 ,

269 1345 376 1430 ipsius
398 1346 547 1409 auctoris
561 1346 904 1432 verhaconfirmant,
925 1371 995 1434 cap,
1018 1366 1048 1426 4.
1077 1347 1204 1438 Igitur
1226 1352 1268 1414 de
1289 1347 1476 1417 Catilinae
1496 1345 1668 1439 conjura-

269 1448 369 1514 tione
389 1459 451 1514 etc.
489 1450 642 1514 Alterum
666 1449 796 1514 bellam
819 1449 1087 1517 Catilinarium
1108 1463 1141 1517 et
1156 1457 1262 1518 Codd.
1283 1455 1447 1519 nonnulli
1467 1453 1669 1518 confirmant

268 1564 303 1618 et
322 1552 591 1638 Quinctilianun
613 1555 716 1638 (Inst.
729 1558 830 1619 Rhet.
850 1557 1001 1641 vnis.)
1022 1558 1152 1623 accedit
1166 1559 1288 1622 Suidas
1310 1579 1351 1622 eo
1374 1559 1469 1642 loco,
1490 1577 1592 1638 quem
1612 1575 1669 1618 su-

263 1661 331 1743 pra
353 1657 507 1742 laudavi,
536 1658 597 1720 ubi
618 1657 719 1738 plani
740 1661 804 1722 hos
829 1659 938 1725 libros
965 1649 1147 1746 inscriptos
1174 1662 1279 1727 fuisse
1298 1666 1408 1727 docet.
1450 1659 1670 1723 Grammatici

266 1774 396 1830 veteres
415 1765 505 1846 apud
531 1764 746 1846 Putschium,
771 1773 935 1847 praeterea
958 1766 1105 1850 Nonius,
1127 1766 1280 1850 Gellius,
1300 1769 1416 1830 Festus
1436 1766 1486 1828 ita
1509 1767 1603 1856 hunc
1623 1765 1668 1826 li-

266 1870 368 1930 brum
394 1869 561 1930 laudant:
591 1868 771 1932 Salustius
800 1862 838 1932 in
861 1865 1046 1952 Catilina,
1079 1866 1326 1954 Catilinario,
1359 1871 1451 1934 bello
1473 1865 1670 1934 Catilinae,

267 1975 379 2058 Quare
400 1991 521 2054 parum
542 1970 642 2033 firma
665 1992 784 2034 corum
809 1973 1001 2036 auctoritas.
1041 1975 1224 2058 Duplicem
1257 1975 1397 2037 titulum
1412 1974 1504 2035 libro
1523 1970 1669 2052 inscrip-
1739 1975 1741 1978 ’

267 2086 342 2138 tum
367 2077 471 2140 fuisse
496 2075 666 2138 Meursius
690 2085 723 2138 et
750 2078 884 2139 Curtius
913 2085 1114 2140 statuerunt.
1154 2081 1194 2140 Id
1222 2082 1315 2158 quod
1341 2074 1561 2155 abantiquis
1588 2075 1669 2138 satis

270 2181 442 2243 usitatum.
483 2177 551 2240 etr.
572 2178 813 2261 inscriptiones
830 2181 1063 2262 plurimorum
1085 2181 1303 2266 dialogorum
1320 2179 1480 2244 Platonis.
1568 2170 1571 2176 ’

354 2277 499 2365 Omnis,
521 2291 554 2346 et
570 2280 753 2344 meliorum
768 2283 1039 2347 Codd.firmatur
1054 2285 1255 2348 auctoritate
1272 2293 1306 2348 et
1320 2283 1541 2366 antiquorum
1555 2297 1669 2366 gram-

266 2388 469 2451 maticorum
491 2385 704 2449 testimoniis.
736 2385 805 2450 Csr.
824 2387 967 2471 Sosipat.
987 2388 1163 2452 Charisius
1183 2410 1259 2474 pag.
1281 2394 1350 2451 113.
1370 2390 1429 2450 Ed.
1459 2389 1593 2451 Putsch.
1611 2387 1670 2448 sed

265 2494 355 2558 hauc
373 2491 649 2556 terminationem
672 2510 743 2552 non
762 2473 955 2555 constanter
977 2494 1021 2554 ab
1040 2493 1187 2558 Salustio
1206 2493 1310 2558 luisse
1324 2491 1520 2556 adhibitum
1534 2493 1593 2554 1.l.
1606 2495 1670 2555 do-

265 2617 340 2664 cere
362 2596 507 2660 videtur.
537 2600 622 2658 Nam
641 2615 763 2660 omnes
782 2593 945 2660 homines
963 2617 1003 2660 ex
1021 2600 1102 2670 Caes.
1119 2599 1178 2660 Or⁴
1195 2617 1265 2680 cap.
1288 2600 1337 2662 51.
1359 2596 1523 2674 laudant;
1542 2595 1573 2657 si
1589 2595 1668 2677 qui·

265 2705 343 2766 dem
363 2702 467 2771 lectio
487 2703 576 2764 bene
593 2701 758 2764 sehabet.
780 2699 968 2762 Nominum
991 2701 1144 2786 quidem,
1162 2703 1225 2784 qui
1244 2702 1379 2766 literam
1396 2701 1410 2762 i
1425 2700 1577 2784 genitivo
1591 2700 1669 2783 plu·

264 2807 330 2870 rali
350 2807 513 2883 retinent,
534 2826 600 2868 acc.
619 2805 709 2888 plur.
732 2805 855 2889 saepius
871 2804 910 2866 in
931 2805 961 2866 is
980 2806 1071 2868 exire
1092 2815 1195 2886 atque
1216 2809 1309 2868 hunc
1333 2825 1457 2868 vocum
1477 2804 1604 2867 exitum
1624 2805 1667 2866 ab

265 2913 426 2975 omnibus
442 2910 549 2974 aetatis
566 2929 677 2972 aureas
688 2909 911 2992 scriptoribus
931 2917 1130 2991 usurpatum
1151 2907 1273 2992 fuisse,
1289 2907 1441 2970 dubitari
1461 2928 1532 2970 non
1547 2915 1667 2990 potest.

265 3019 352 3081 Nam
379 3013 575 3079 testimonio
596 3022 675 3074 sunt
700 3021 733 3075 et
750 3010 1051 3096 grammaticorum
1074 3024 1242 3094 praecepta
1266 3021 1299 3072 ct
1325 3011 1534 3094 optimorum
1560 3013 1665 3073 codd.

265 3117 460 3202 auctoritas.
481 3116 549 3178 Cfr.
566 3116 657 3176 Serv.
675 3117 718 3176 ad
738 3115 831 3198 Virg.
847 3116 930 3176 Aen.
952 3115 979 3176 Ι.
1007 3129 1072 3175 112.
1099 3112 1287 3178 Genitious
1299 3110 1477 3198 pluralis,
1499 3108 1667 3196 quotiens

267 3221 305 3286 in
326 3219 401 3284 inm
423 3216 520 3299 exit,
541 3239 618 3281 acc.
625 3221 716 3298 plur
736 3213 774 3280 in
790 3215 820 3279 is
838 3213 965 3280 mittit.
995 3218 1170 3281 Consentit
1184 3218 1326 3304 Sosipat
1347 3218 1476 3283 Charis.
1492 3219 1585 3302 pas.
1606 3220 1667 3280 Ed.

265 3305 400 3389 Pulsch.
428 3320 564 3390 Omnia
580 3318 732 3385 nomina
750 3318 789 3383 in
804 3318 836 3384 is
853 3318 980 3384 literas
997 3321 1212 3408 terminata,
1234 3346 1327 3405 quae
1343 3319 1483 3386 dativoi
1496 3317 1668 3413 exierint,

265 3449 405 3508 neccsse
418 3437 471 3492 est
482 3423 641 3517 genitivo
661 3434 697 3490 et
710 3447 787 3499 acc.
808 3433 895 3489 ante
912 3422 1080 3488 ultimam
1098 3423 1113 3490 i
1127 3423 1326 3510 recipiant,
1339 3434 1381 3490 ut
1397 3422 1563 3515 agrestis,
1580 3420 1665 3506 ium,

266 3534 332 3598 lias
360 3529 516 3622 agrestis
535 3541 597 3594 etc.
638 3531 705 3598 Cfr.
725 3523 873 3595 eund'em
888 3553 921 3614 p.
942 3533 991 3610 69.
1025 3532 1122 3595 Adde
1143 3531 1355 3595 Priscianum
1374 3554 1408 3614 p.
1425 3533 1495 3612 775.
1533 3524 1663 3596 Omni-

267 3658 339 3718 um,
356 3659 449 3718 quae
466 3644 542 3698 tam
562 3634 845 3716 nominativum,
874 3657 983 3716 quam
1001 3634 1197 3724 genitivam
1211 3633 1363 3700 similem
1375 3635 1518 3718 habent,
1540 3653 1666 3699 eorum

266 3737 500 3803 accusativus
523 3760 612 3803 raro
635 3740 675 3802 in
700 3759 754 3820 es,
764 3734 984 3826 frequenter
1008 3735 1047 3798 in
1070 3734 1101 3799 is
1122 3740 1215 3800 solet
1239 3735 1442 3802 terminari.
1481 3742 1588 3821 Asper
1604 3739 1666 3800 Sa·
1739 3793 1742 3800 .

265 3842 363 3906 lustii
384 3842 568 3927 interpres,
589 3842 683 3920 cujus
702 3841 885 3904 auctoritas
904 3838 1065 3922 maxima,
1084 3879 1101 3913 «
1117 3841 1146 3902 si
1160 3842 1341 3928 genitivus,
1363 3842 1491 3928 inquit,
1509 3842 1666 3907 o'mnium

267 3948 281 4010 i
300 3947 436 4010 literam
449 3956 570 4008 natura
586 3947 727 4030 retinet,
748 3955 781 4009 et
797 3944 835 4006 in
858 3942 1048 4006 accusativo
1068 3963 1139 4008 esse
1157 3948 1406 4028 servandum”;
1427 3952 1486 4013 sed
1504 3949 1600 4015 locus
1611 3948 1665 4010 vi-

269 4053 370 4115 detur
393 4069 463 4116 esse
490 4060 680 4136 corruptus,
722 4052 878 4114 Donatus
895 4069 929 4131 p.
949 4050 1050 4128 ²75⁰=
1074 4071 1310 4136 quaecunque
1332 4052 1482 4118 nomina
1504 4049 1662 4118 ablativo

1119 4177 1143 4232 g
