4108 4976
398 401 471 522 3o6

401 597 542 661 initium
568 596 730 662 amicitiae
757 605 792 662 et
816 593 988 661 societatis
1013 593 1089 659 tull.
1118 593 1179 662 cir.
1208 594 1289 660 Geel.
1308 593 1344 660 B.
1363 591 1405 657 G.
1421 615 1449 657 ι.
1461 599 1511 671 ll·
1541 591 1666 658 et'Liv.
1685 597 1736 660 ln.
1758 617 1806 661 n.

400 700 436 768 ci
446 743 487 758 -
500 699 747 769 truderentur.
767 708 859 766 recte
880 700 1032 766 coelius:
1052 699 1164 776 ,illud
1183 694 1413 787 sicleganter
1432 699 1471 764 in
1490 699 1681 766 reincensa
1699 701 1806 768 otla-

401 809 554 874 cienda.>¹
579 817 713 892 poterat
734 808 829 870 enim
846 813 906 870 eut
927 805 1124 890 relativum,
1138 811 1199 869 aut
1215 805 1425 872 accusativus
1444 823 1523 877 cum
1548 805 1724 873 infinitivo
1743 825 1806 893 po·

400 915 447 976 ni.
469 907 632 979 anxium.
653 921 745 1002 recte
758 913 827 976 cic.
847 913 945 976 Tuae.
962 927 991 990 4.
1009 927 1057 975 m.
1078 928 1157 975 cam
1178 909 1319 976 anxium
1340 911 1444 997 dixit,
1471 909 1534 994 qui
1553 913 1598 976 ad
1618 911 1816 998 seorim.

400 1035 479 1084 nem
500 1019 544 1102 sit
563 1037 702 1102 pronus.
724 1013 1031 1084 contumeliarum
1046 1011 1289 1101 imperotores.
1310 1019 1384 1084 beo
1393 1017 1535 1101 quidem
1548 1017 1663 1103 lectio,
1683 1037 1804 1100 maom-
1872 1079 1874 1094 ,

398 1123 450 1188 vis
469 1139 658 1208 paucorum
677 1121 849 1186 librorum
868 1121 1259 1207 auctoritatefirmatur,
1287 1129 1401 1188 tamen
1415 1125 1514 1187 baud
1535 1123 1644 1189 dubie
1662 1125 1804 1210 optima.

399 1225 438 1291 in
467 1228 723 1312 imperatorem
751 1228 856 1313 enim,
882 1231 977 1312 quod
1005 1233 1087 1296 aute
1111 1227 1269 1295 Curtium
1297 1245 1492 1314 expressum
1517 1235 1608 1311 erat,
1639 1229 1804 1296 bledae

399 1333 470 1396 dici
491 1353 563 1402 non
582 1351 681 1419 posse
700 1335 894 1400 luculenter
914 1333 1048 1413 docuit,
1068 1351 1186 1416 neque,
1200 1333 1370 1419 ablativo,
1389 1353 1493 1416 quem
1513 1333 1642 1418 aliquis
1655 1334 1804 1419 amplec-

398 1447 505 1522 tatur,
524 1439 619 1503 locus
640 1445 705 1523 est,
726 1442 820 1522 quod
843 1459 886 1503 ne
906 1439 944 1502 in
964 1457 1036 1503 uno
1055 1439 1198 1522 quidem
1217 1439 1328 1524 libro,
1357 1424 1622 1525 propositio‘al
1647 1455 1802 1523 expressa

397 1551 456 1606 est.
497 1545 573 1606 lam
600 1545 758 1627 Delirus,
790 1543 852 1626 qui
879 1542 1110 1628 plurimorum
1134 1543 1308 1609 librorum
1328 1541 1485 1610 firmetur
1504 1559 1687 1628 consensu,
1720 1543 1803 1610 lami

397 1649 539 1730 quidem
558 1655 708 1732 poterat,
733 1651 763 1712 si
778 1647 850 1711 alio
868 1647 975 1712 verbo
992 1665 1074 1712 usus
1093 1655 1179 1714 esset
1195 1655 1333 1734 auctor,
1359 1652 1418 1715 ted
1431 1669 1574 1736 poem
1590 1656 1715 1734 petere
1732 1645 1803 1714 ali-

399 1751 462 1816 cui
481 1753 571 1816 mibi
591 1754 733 1834 quidem
755 1769 826 1816 non
846 1753 961 1820 miuus
979 1753 1125 1817 barbare
1144 1751 1276 1816 dictam
1292 1769 1364 1819 esse
1380 1749 1534 1837 videtur,
1553 1772 1655 1835 quam
1676 1749 1716 1816 in
1734 1751 1801 1816 rin·

390 1866 613 1942 peratorcm,
640 1861 735 1939 quod
746 1857 882 1938 Curtius
909 1854 1064 1940 explosit.
1085 1855 1155 1934 nisi
1175 1860 1271 1939 quod
1291 1856 1396 1924 etiam
1416 1857 1553 1921 Grsrtius
1566 1871 1596 1932 l.
1609 1859 1640 1924 6.
1656 1855 1720 1920 sub
1740 1856 1802 1920 tin.

397 1983 525 2046 capere
546 1983 707 2046 poenam
736 1961 775 2026 in
802 1961 952 2027 hostem.
977 1959 1100 2040 Vellcj.
1126 1963 1197 2026 Pet.
1215 1978 1244 2025 a.
1262 1966 1330 2027 aad.
1352 1983 1476 2046 poena
1496 1957 1537 2026 s'a
1556 1953 1676 2028 malos
1699 1961 1800 2046 dixit,

396 2077 429 2132 et
456 2071 609 2132 dativum
637 2069 730 2132 baud
759 2086 830 2131 uno
856 2067 935 2131 loco
961 2064 1130 2132 Salustius
1154 2066 1361 2134 insolentius
1378 2067 1503 2153 posuit.
1522 2064 1584 2130 cir.
1604 2067 1675 2130 cut.
1693 2087 1737 2130 u.
1750 2071 1799 2135 la.

396 2191 445 2249 4⁰·
466 2173 524 2238 etr.
553 2177 631 2262 lug.
646 2189 676 2250 e.
696 2183 729 2240 ct
751 2189 799 2249 14·
827 2189 934 2256 quare
953 2171 1122 2237 acutiores
1140 2169 1310 2258 viderint,
1336 2177 1449 2238 utram
1467 2177 1676 2238 structuram
1693 2171 1801 2256 scrip·

396 2278 481 2342 toris
498 2278 608 2345 nostri
628 2277 771 2366 ingenio
788 2277 900 2363 magis
914 2277 1099 2344 convenire
1118 2282 1250 2362 putent.
1270 2275 1316 2344 ob
1337 2276 1483 2346 morbos
1502 2278 1638 2344 mino.
1657 2277 1733 2342 hec
1746 2295 1802 2341 ue·

395 2383 518 2467 petita,
549 2405 627 2448 cum
644 2403 747 2470 supra
767 2383 894 2448 dixerit
913 2387 1032 2448 mente
1049 2383 1203 2467 paulum
1223 2376 1429 2467 imminuta,
1449 2381 1553 2450 etiam
1573 2382 1613 2447 iu
1633 2381 1801 2468 scriptore

397 2489 512 2554 minus
533 2490 698 2575 eleganti,
719 2492 847 2554 nedum
867 2489 906 2552 in
925 2486 1073 2552 Salustio
1094 2490 1318 2553 memoranda
1335 2495 1426 2552 sunt.
1443 2490 1503 2557 sed
1523 2493 1644 2553 auctor
1652 2487 1728 2554 bec
1739 2489 1802 2550 ad-

396 2593 523 2657 didisse
542 2593 698 2678 ridetur,
722 2603 762 2659 ut
781 2592 918 2659 facilius
937 2591 1208 2680 intelligerem,
1233 2613 1294 2658 cur
1312 2595 1377 2660 bac
1394 2595 1451 2660 via
1471 2593 1603 2660 Marius
1622 2592 1798 2658 bominem

282 2722 284 2726 ’
395 2715 522 2761 renum
543 2705 647 2778 atque
658 2697 823 2762 stolidum
843 2717 1019 2786 aggressus
1038 2699 1093 2764 sit.
1111 2697 1271 2764 secundo
1290 2695 1470 2765 oratione.
1489 2697 1514 2762 i.
1532 2715 1561 2766 e.
1582 2699 1621 2762 in
1642 2698 1800 2783 ejusgm·

395 2803 478 2866 tiam
514 2803 718 2886 composita,
757 2802 963 2872 adulatoria.
994 2799 1055 2867 cir.
1082 2800 1152 2867 Lir.
1171 2804 1202 2865 8.
1218 2817 1266 2870 sa.
1299 2809 1374 2867 tres
1402 2803 1498 2891 leges
1523 2797 1801 2868 secundissimas

389 2905 505 2992 plebi,
535 2909 704 2973 adversas
732 2905 925 2976 nobilitati
951 2902 1051 2972 tulc't.
1080 2908 1129 2976 id.
1148 2924 1179 2971 a.
1195 2909 1247 2973 38.
1274 2907 1398 2974 sedulo
1427 2903 1616 2973 audientes
1640 2907 1799 2974 secunda

393 3008 473 3077 irae
493 3013 609 3079 verbo.
629 3012 676 3077 id.
693 3015 722 3078 6'.
741 3030 792 3095 49.
814 3011 958 3082 occisus
968 3009 1077 3105 foret
1089 2997 1273 3079 ...ntum
1282 3008 1402 3104 soret.
1422 3019 1570 3094 utroque
1588 3013 1667 3079 loco
1681 3027 1800 3076 omnes

393 3116 465 3182 tere
484 3118 568 3182 libri
586 3120 732 3186 verbum
751 3119 1002 3184 substantivum
1023 3117 1191 3204 retinent,
1219 3137 1331 3201 neque
1359 3118 1427 3184 hoc
1463 3118 1573 3205 magis
1603 3116 1800 3201 vituperen-

395 3224 497 3305 dum,
517 3243 621 3305 quam
642 3228 736 3307 quod
756 3227 902 3290 eandem
922 3231 1127 3288 structuram
1146 3223 1202 3289 bis
1220 3223 1391 3288 adhibuit.
1412 3218 1454 3288 id
1467 3224 1569 3289 adeo.
1590 3221 1650 3291 cir.
1662 3223 1732 3286 Cat.
1748 3227 1797 3302 ³7.

247 3293 253 3300 ¹
300 3337 305 3340 “
351 3325 354 3333 ’
392 3326 507 3392 initio.
539 3350 666 3413 aspere
685 3327 724 3396 in
745 3331 837 3398 Met.
858 3330 902 3395 de
921 3327 1025 3394 bello.
1057 3330 1134 3395 duae
1152 3335 1330 3395 structure
1349 3330 1389 3394 iu
1408 3347 1514 3400 urtam
1540 3335 1800 3414 coagmentatae

393 3431 490 3506 cujus
516 3433 569 3498 rei
594 3435 788 3519 exemplum
813 3435 887 3514 jam
915 3454 1017 3522 supra
1046 3434 1206 3504 vidimus.
1232 3430 1509 3524 suffragatione.
1530 3433 1800 3518 commendatio,
1909 3499 1922 3516 ⁸

393 3549 470 3616 quae
486 3537 530 3597 ad
549 3529 713 3620 suffragia
736 3543 889 3621 paranda
913 3548 1051 3625 spectat.
1076 3559 1151 3606 eam
1182 3533 1464 3625 suffragationem
1491 3539 1575 3602 dicit
1600 3538 1799 3604 honestissi-

393 3659 504 3726 mam,
531 3639 614 3724 quia
644 3659 718 3706 non
743 3641 988 3728 largitionibus
1015 3655 1074 3712 eut
1098 3643 1209 3734 gratia
1235 3649 1352 3728 parata
1379 3653 1460 3711 erat.
1478 3635 1584 3736 juso.
1615 3643 1675 3708 cir.
1697 3661 1801 3728 supra

393 3765 465 3832 cep.
483 3762 533 3823 40.
553 3767 706 3814 suorum
716 3743 866 3839 fugam.

475 3855 553 3935 cap.
574 3855 688 3920 LXVI.
709 3849 854 3937 incepit.
876 3855 972 3919 Eicb.
991 3858 1088 3937 quod
1110 3855 1159 3918 ita
1177 3856 1396 3920 emendatum
1416 3861 1466 3943 est
1485 3861 1627 3939 propter
1650 3852 1799 3937 perticu-

391 3955 461 4018 lam
474 3963 692 4040 postquam,
713 3977 788 4040 quae
808 3960 991 4026 antecedit.
1013 3980 1154 4044 parare
1173 3955 1299 4026 omnia
1318 3965 1381 4025 eto
1401 3961 1553 4024 notanda
1572 3957 1608 4022 b.
1628 3957 1652 4020 l.
1667 3956 1802 4020 oratio·

392 4061 447 4126 nis
467 4061 690 4123 abundantia.
700 4059 917 4150 formidine.
947 4064 1077 4132 scilicet
1100 4084 1204 4148 quam
1228 4065 1273 4130 iis
1297 4064 1440 4144 injicere
1467 4062 1608 4146 studuit,
1622 4069 1660 4126 ut
1683 4081 1798 4147 supra.

392 4165 550 4232 usitatius
571 4172 643 4232 erat
662 4183 792 4251 ponere
813 4164 932 4234 minis.
943 4205 985 4224 -·
1000 4165 1199 4261 affectare.
1212 4170 1237 4234 i.
1250 4187 1279 4235 e.
1300 4169 1560 4254 inrumpentes
1577 4169 1721 4233 trabere.
1738 4166 1799 4230 ctr.

392 4269 468 4338 Tac.
489 4269 576 4340 Hist.
596 4287 628 4350 4.
649 4290 698 4354 17.
730 4267 936 4342 Galliarum
959 4271 1171 4345 societatem
1194 4267 1320 4352 Civilis
1339 4281 1422 4344 orte
1441 4272 1618 4365 musique
1645 4270 1800 4358 efficta·
