4116 4970
1610 435 1652 509 71

260 622 327 685 que
351 605 464 668 solum
481 607 573 689 apud
595 612 735 690 poetas,
754 604 974 688 quibust-hac
1001 603 1207 670 constructio
1229 601 1466 687 usitatissima,
1486 603 1545 666 sed
1565 607 1657 688 apud

259 706 371 791 Ipsum
389 709 596 773 Ciceronem.
615 711 675 776 cfr.
691 712 854 776 Ruddlm.
874 711 996 778 Institt.
1021 713 1079 774 Gr.
1096 714 1169 773 lat.
1193 709 1230 772 P.
1245 712 1287 773 11.
1309 727 1384 792 pag.
1400 724 1470 787 ²²9·
1488 727 1522 770 n.
1536 726 1566 785 9.
1578 715 1654 791 etp.

260 814 329 886 245.
357 833 391 876 n.
408 835 434 874 ι.
466 824 677 898 tempestate
698 821 790 898 apud
806 816 993 884 Salustium
1015 817 1087 881 lere
1107 817 1237 896 ubique
1257 835 1321 898 pro
1346 823 1498 895 tempore
1514 809 1654 882 dictum.

257 915 317 978 cir.
332 919 440 980 Varro
460 921 503 981 de
521 923 604 982 L.L.
618 922 647 982 6.
665 919 694 980 6.
715 919 782 992 ,in
798 921 980 1010 duodecim
999 918 1147 982 tabulis:
1168 919 1251 981 solis
1268 935 1388 979 occasu
1404 915 1476 978 diei
1494 931 1655 997 suprema

255 1027 437 1102 tempestas
453 1032 536 1096 estc.
568 1023 651 1086 libri
669 1043 836 1107 augurum
853 1042 917 1108 pro
938 1032 1091 1106 tempore
1115 1029 1344 1105 tempestatem
1371 1019 1491 1086 dicunt
1513 1027 1575 1090 etc.
1595 1007 1656 1083 cir.

257 1124 326 1185 otc.
349 1126 392 1186 dc
414 1127 506 1188 Orat.
522 1131 553 1193 3.
573 1129 621 1189 att.
653 1130 774 1202 ,Raro
801 1129 905 1190 habet
933 1126 1036 1191 ctiam
1063 1126 1101 1191 in
1130 1125 1286 1189 oratione
1313 1123 1486 1208 poeticum
1511 1123 1655 1205 aliquod

255 1227 399 1288 verbum
423 1228 642 1314 dignitatem,
664 1233 890 1312 nequeenim
917 1231 1065 1317 fugerim
1092 1231 1183 1293 illud
1208 1229 1341 1313 dicere,
1360 1238 1398 1291 ut
1414 1228 1566 1310 Coelius,
1586 1247 1655 1308 qua

256 1339 453 1414 tempestate
467 1335 601 1396 Poenus
615 1335 653 1396 in
670 1336 806 1398 Italiam
825 1335 930 1399 veuit.
957 1338 1011 1399 M.
1024 1331 1209 1399 Licinium
1233 1331 1421 1398 Crassum.
1437 1328 1656 1396 ridciuirao.

255 1434 305 1508 46.
330 1443 363 1498 et
379 1452 430 1515 49.
452 1436 510 1504 cir.
530 1439 618 1501 Plut.
635 1440 705 1506 vit.
718 1441 789 1510 Cic.
805 1459 833 1503 c.
856 1438 1165 1504 saevituram
1188 1459 1216 1499 c.
1237 1441 1283 1499 rs.
1304 1435 1480 1500 ductabat
1495 1435 1575 1499 ride
1595 1455 1654 1500 su·

253 1557 315 1619 pra
332 1559 403 1622 cap.
421 1557 468 1604 ια.
490 1540 660 1607 valuisset
678 1545 702 1606 i.
719 1563 747 1608 e.
765 1544 856 1628 rim,
874 1545 966 1607 vires
986 1545 1112 1607 habere
1131 1543 1267 1606 cincio.
1288 1545 1332 1606 de
1345 1541 1462 1604 Diria.
1482 1563 1507 1604 ι.
1521 1543 1569 1613 16.
1590 1538 1653 1602 illa

254 1642 473 1710 obnuntiatio
493 1647 583 1710 nihil
600 1649 729 1727 valuit;
751 1659 809 1712 aut
826 1649 857 1711 si
877 1649 1005 1731 valuit,
1026 1649 1062 1710 id
1077 1649 1204 1731 valuit,
1223 1656 1263 1710 ut
1280 1656 1343 1710 etc.
1353 1642 1476 1735 facile
1488 1644 1590 1727 apud
1606 1638 1653 1705 il-

255 1746 320 1808 los.
339 1747 497 1835 intellige
516 1771 556 1816 ex
577 1754 814 1833 conjuratione
832 1754 1035 1832 conjuratos.
1057 1752 1116 1815 cfr.
1141 1773 1168 1814 c.
1187 1771 1257 1830 seq.
1287 1790 1304 1824 g
1317 1750 1425 1812 Antea
1453 1748 1653 1825 conjurare·

253 1869 291 1914 re
309 1853 410 1934 pauci
421 1865 539 1919 contra
550 1859 809 1941 rempublicam
828 1863 925 1920 -de
942 1856 1037 1937 qua'’
1061 1856 1134 1926 scil.
1151 1855 1388 1933 conjuratione
1410 1851 1590 1936 intra-lug.
1606 1865 1653 1928 st.

241 1949 398 2044 familia
418 1969 548 2024 nostra
567 1983 648 2026 cum
668 1963 809 2045 populo
826 1963 994 2026 Romano
1016 1955 1219 2024 amicitiam
1240 1955 1403 2022 instituit
1430 1997 1472 2011 -
1499 1973 1651 2037 quorum

247 2058 470 2147 progeniem.
481 2066 555 2126 Lis.
565 2068 615 2127 36.
627 2068 674 2132 28.
686 2076 835 2147 quatuor
850 2085 982 2128 menses
996 2065 1215 2128 obsidionem
1226 2064 1327 2126 Same
1345 2061 1521 2137 sustinuit3
1543 2077 1651 2140 quum

252 2165 430 2245 expausis
460 2169 619 2246 quotidie
646 2169 756 2249 aliqui
784 2189 903 2232 eorum
928 2171 1099 2232 caderent.
1119 2167 1182 2228 ubi
1206 2165 1287 2228 ride
1314 2165 1526 2228 Gronovium
1548 2169 1582 2225 et
1609 2163 1653 2224 ed

252 2264 325 2327 Liv.
344 2286 375 2345 9.
390 2281 440 2342 41.
459 2285 494 2330 ar
514 2273 563 2348 39.
585 2271 673 2332 hanc
698 2280 901 2334 structuram
919 2270 1134 2357 grammatici
1153 2269 1301 2353 synesin
1323 2270 1519 2354 appellant,
1548 2265 1653 2329 innu-

253 2387 345 2430 mera
366 2373 520 2454 exempla
540 2374 708 2456 congessit
724 2377 887 2440 Ruddim.
916 2379 997 2440 lust.
1018 2377 1076 2438 Gr.
1091 2378 1127 2437 P.
1149 2377 1192 2438 II.
1206 2395 1281 2460 pag.
1297 2379 1347 2437 23.
1368 2395 1402 2440 n.
1419 2376 1467 2436 5³.
1483 2382 1516 2437 et
1528 2375 1577 2448 64.
1592 2373 1652 2434 sed

253 2492 434 2559 perperam
461 2478 529 2539 huc
563 2480 669 2544 trahit
701 2481 837 2545 Gortius
864 2479 1050 2545 locum'cx
1073 2501 1145 2566 cap.
1173 2484 1202 2545 5.
1231 2477 1439 2544 incitabant
1458 2486 1651 2560 praeterea

252 2572 424 2662 corrupti
435 2577 595 2646 civitati}
607 2605 746 2666 mores,
767 2606 858 2668 quos
879 2596 943 2652 etc.
960 2587 1024 2650 ubi
1041 2586 1224 2650 relativum
1242 2588 1287 2648 ad
1305 2575 1466 2649 civitatis
1476 2581 1651 2666 pertinere

248 2684 376 2750 statuit.
397 2687 486 2772 adde
505 2687 583 2772 Jug.
605 2691 654 2750 66.
680 2692 883 2756 Vaccenses
904 2713 987 2775 quo.

246 2787 249 2796 ’
329 2792 409 2873 Cap.
432 2792 554 2854 XVIII.
579 2793 676 2856 Item
697 2795 783 2857 alibi
803 2797 925 2880 sapius
952 2796 1153 2861 nominibus
1168 2793 1355 2878 jungendis
1378 2789 1536 2871 inservit,
1566 2806 1645 2850 ver·

250 2893 304 2956 bis
327 2913 398 2956 uun
418 2894 510 2958 item.
530 2897 697 2958 hocloco
717 2919 784 2980 pro
798 2899 908 2961 etiam
924 2901 1086 2982 positum.
1110 2898 1170 2963 cfr.
1189 2900 1267 2980 Jug.
1290 2915 1354 2956 soc.
1376 2933 1393 2966 ⁸
1406 2893 1481 2976 ipse
1499 2901 1648 2954 armatus

251 2996 470 3078 intentusque
493 3001 575 3064 Item
598 3001 725 3062 milites
746 3003 917 3086 cogebati·
940 3004 984 3066 dc
998 3024 1071 3083 qua
1095 3005 1188 3065 haud
1202 3001 1308 3063 dubie
1330 3018 1461 3062 verum.
1486 2996 1579 3060 testis
1600 3003 1650 3058 est

251 3102 435 3165 Diomedes
453 3105 495 3164 II.
525 3119 601 3180 ttos
622 3105 716 3182 cujus
730 3107 778 3166 rei
801 3106 950 3188 Longius
968 3107 1108 3189 ignarus
1137 3115 1195 3166 aut
1214 3123 1335 3186 pamm
1360 3121 1435 3165 eam
1454 3119 1576 3163 curans
1602 3098 1647 3162 dc

252 3229 323 3290 qao
342 3207 486 3289 scripsit.
508 3206 567 3274 cfr.
586 3210 656 3272 Cic.
672 3231 736 3293 pro
755 3213 929 3276 Muraena.
964 3206 1090 3272 deirsde
1115 3219 1232 3272 restra
1252 3227 1426 3290 responsa
1446 3215 1559 3288 atque
1588 3204 1648 3267 de·

251 3321 351 3378 creta
373 3319 408 3373 et
428 3322 640 3374 evertuntur
657 3335 763 3396 saepe
783 3313 960 3393 dicundo,
987 3321 1024 3378 et
1041 3311 1120 3377 sine
1147 3309 1354 3402 defensione
1382 3308 1547 3376 oratoris
1574 3331 1648 3374 esse

250 3435 324 3481 aon
338 3423 514 3498 possunt3
537 3420 575 3478 in
597 3438 670 3498 qua
689 3417 790 3500 (scil.
810 3416 1042 3501 eloquentia)
1062 3417 1097 3481 si
1114 3415 1206 3481 satis
1220 3413 1474 3506 profecissem,
1492 3411 1646 3496 parcius

251 3522 292 3584 de
313 3517 391 3611 ejus
411 3521 519 3584 laude
540 3517 704 3585 dicerem.
721 3523 780 3586 cir.
794 3523 861 3586 Cic.
876 3526 936 3608 Ep.
951 3526 995 3586 ad
1008 3525 1085 3586 mv.
1108 3524 1216 3598 aad.
1237 3543 1392 3602 quorum
1408 3523 1528 3585 altera
1541 3516 1642 3584 ratio

251 3634 284 3686 ct
296 3645 371 3704 quae
383 3628 425 3686 ad
436 3627 791 3690 hunclocumCortius
802 3628 1286 3712 congessiterempla.Cic.Ep.
1296 3628 1373 3693 Dis.
1385 3632 1415 3689 3.
1426 3629 1453 3688 6.
1464 3627 1492 3684 a
1501 3624 1553 3688 ad
1564 3641 1643 3687 eam

245 3735 404 3811 partem,
412 3749 494 3811 quo.
506 3751 570 3811 aa.
593 3739 760 3795 nostrum
770 3729 981 3814 eonsilium,
1001 3731 1066 3813 qui
1071 3769 1112 3784 -
1124 3734 1166 3794 L.
1182 3733 1300 3793 Tullo.
1309 3733 1360 3793 tt.
1372 3725 1518 3810 Lepido.
1528 3728 1550 3789 i.
1568 3729 1643 3793 ola.

249 3833 424 3896 Volcatius
442 3837 563 3899 Tullus
582 3844 615 3898 et
634 3837 681 3898 Μ.
700 3835 866 3898 Aemilius
892 3836 1058 3920 Lepidus,
1083 3833 1147 3917 qui
1170 3834 1278 3896 tribus
1299 3833 1398 3895 annis
1418 3843 1498 3896 aute
1520 3853 1642 3898 consu·

250 3928 299 4000 les
318 3937 462 4002 fuerant.
482 3937 711 4029 interrogari
733 3935 869 4027 legibus
892 3948 941 4003 est
960 3939 1123 4002 solemnis
1139 3940 1302 4013 formula,
1322 3961 1399 4003 cum
1418 3941 1495 4021 quis
1515 3943 1559 4004 de
1573 3942 1641 4005 cri-

250 4042 343 4104 mine
359 4044 477 4123 aliquo
492 4056 677 4129 suspectus,
697 4055 879 4126 antequam
900 4045 1125 4108 constituatur
1137 4045 1326 4123 iudicium,
1347 4056 1524 4129 apraetore
1535 4047 1643 4110 inter·

252 4154 406 4231 rogatur,
428 4169 509 4208 num
536 4151 653 4230 aliquo
677 4150 821 4216 crimine
834 4149 1067 4222 leucatenct'r,
1083 4150 1150 4212 Cic.
1161 4151 1219 4213 Or.
1234 4171 1297 4234 pro
1311 4153 1434 4215 Domo.
1450 4173 1477 4212 c.
1491 4173 1539 4232 29.
1562 4151 1643 4233 quie

251 4270 305 4315 me
325 4271 485 4332 unquam
507 4256 585 4317 ulla
605 4258 680 4342 lege
700 4251 972 4345 interrogauit?
991 4255 1068 4336 quis
1086 4256 1295 4338 postulavit?
1315 4258 1392 4337 quis
1416 4257 1507 4319 diem
1529 4258 1641 4324 dixit?
