4106 4974
1596 431 1667 485 101

263 615 363 680 malit
383 612 613 708 exagitatam
635 625 730 704 quod
749 621 867 708 ipsius
888 613 1038 689 auctoris
1058 621 1216 688 oratione
1235 621 1316 711 setis
1336 617 1588 704 comprobatur.
1615 615 1675 682 cir.
1786 653 1792 662 ·

262 723 339 808 Jug.
357 738 407 808 72.
419 717 632 813 formidine
654 729 765 810 quasi
781 725 949 795 vecordia
970 725 1166 820 exagitari.
1188 749 1290 815 supra
1312 742 1451 813 cap-14.
1478 744 1569 806 quos
1589 741 1675 788 con·

261 820 359 890 scius
379 821 526 892 animus
547 827 773 919 exagitabat.
794 833 872 918 Jug.
891 839 940 910 34.
964 856 1056 918 quos
1077 831 1243 919 quaestio
1265 830 1491 921 exagitabat.
1519 827 1586 891 Sed
1602 846 1675 892 om·

260 929 365 995 nibus
385 931 442 996 his
462 933 548 998 locis
570 931 763 1024 exagitare
782 937 952 1023 significat
973 938 1142 1024 cruciare,
1160 955 1299 1016 vexare3
1331 955 1408 1019 quae
1428 933 1635 1022 significatio
1654 949 1676 994 a
1743 955 1747 964 ·

263 1045 381 1101 nostro
402 1037 483 1102 loco
504 1039 619 1104 aliena
641 1023 709 1105 ests
722 1038 920 1131 negotium·
940 1043 1009 1107 Sal.
1028 1042 1207 1129 negotium
1228 1042 1359 1125 sepius
1371 1041 1509 1126 posuit,
1529 1038 1594 1103 ubi
1612 1036 1676 1102 aiii

260 1142 445 1226 scriptores
471 1165 548 1228 res,
566 1139 720 1234 factum
753 1147 884 1236 dicunt.
905 1147 942 1212 id
968 1148 1189 1235 quodetiam
1217 1151 1309 1232 apud
1334 1149 1492 1211 Plautum
1517 1142 1677 1210 occurrit·

261 1241 300 1310 iu
321 1242 447 1312 atroci
464 1245 614 1338 negotio
634 1249 658 1312 i.
680 1271 708 1320 e.
728 1253 831 1316 rebus
851 1251 990 1338 asperis,
1012 1253 1085 1322 Lis.
1099 1259 1129 1322 3.
1150 1271 1181 1330 4.
1202 1273 1279 1336 quae
1299 1251 1411 1316 forma
1432 1249 1570 1318 senatus
1590 1268 1675 1313 eon·

264 1351 348 1414 sulti
367 1351 498 1416 ultimae
518 1373 653 1441 semper
673 1357 882 1422 necessitatis
903 1359 1024 1422 hahita
1043 1368 1103 1424 est.
1143 1361 1232 1430 Plut.
1251 1363 1292 1426 V.
1312 1359 1381 1424 Cic.
1397 1379 1470 1442 cap.
1507 1359 1555 1426 15.
1595 1353 1673 1427 ioi‘io

137 1517 142 1530 .
262 1454 298 1524 οὗ
309 1454 476 1533 tttMttsa
496 1454 644 1542 &M’iiat
658 1461 686 1536 it
706 1459 898 1556 ptiycsbiiqn
918 1467 1009 1533 metit
1030 1463 1132 1534 sindus
1150 1466 1169 1534 b
1178 1463 1351 1552 cipeunioc.
1373 1460 1671 1528 ceterumPlutar-

265 1563 350 1625 chus
370 1573 506 1649 namet,
535 1567 602 1630 hoc
622 1579 759 1633 senatus
778 1569 974 1633 consultum
1002 1579 1078 1634 tum
1097 1573 1237 1634 demum
1258 1570 1387 1633 factum
1411 1571 1500 1652 esse,
1531 1565 1611 1636 cum
1631 1582 1673 1626 ex

259 1665 384 1732 litteris
404 1672 557 1735 aGrasso
571 1672 729 1738 Ciceroni
747 1675 867 1740 ¹media
888 1685 989 1741 nocte
1009 1677 1154 1741 redditis
1174 1675 1431 1755 conjuratorum
1451 1670 1598 1738 consilia
1616 1686 1674 1730 ac-

259 1773 409 1839 curatius
430 1777 568 1863 cognita
588 1779 743 1844 iniissent.
778 1781 949 1845 consentit
967 1779 1036 1845 Dio
1058 1786 1148 1845 Cass.
1169 1785 1304 1862 37.31;
1338 1771 1579 1867 magistratui
1597 1774 1621 1837 i.
1642 1789 1678 1836 e·

260 1881 473 1965 consulibus,
494 1885 553 1946 sed
566 1904 818 1966 non-nunquam
834 1883 1051 1970 consulibus,
1071 1894 1250 1971 pretores,
1272 1884 1405 1948 tribuni
1415 1881 1529 1969 plebis
1540 1887 1574 1945 et
1588 1897 1672 1942 con·

257 1985 388 2051 solares
407 1987 692 2074 adjungebantur.
734 1989 794 2054 cir.
815 1993 897 2055 Caes.
914 1994 949 2054 B.
968 1993 1005 2060 C.
1023 2014 1051 2052 1.
1071 1995 1100 2054 b.
1142 1991 1287 2075 CicEp.
1306 1991 1385 2054 Div.
1404 2009 1450 2056 ιι.
1466 1991 1515 2051 16.
1554 1985 1669 2050 solete
1740 2007 1742 2016 ·

258 2090 415 2156 absolute
442 2097 484 2156 ut'
510 2095 587 2179 iug.
610 2099 659 2159 66.
692 2096 762 2159 Cic.
782 2099 843 2178 Ep.
864 2117 895 2175 9.
922 2099 968 2157 16.
1001 2103 1044 2157 ut
1065 2091 1153 2158 olim
1174 2095 1326 2160 solebat.
1375 2101 1409 2157 et
1428 2089 1552 2173 saepius
1570 2085 1669 2150 alibi.

259 2189 411 2258 aliteri.
433 2216 462 2261 e.
483 2197 651 2281 alioquin.
671 2197 752 2264 vide
771 2198 864 2262 infra
884 2213 934 2275 44.
955 2199 1023 2261 Cic.
1039 2196 1136 2266 offic.
1151 2221 1176 2264 r.
1189 2205 1242 2276 34.
1266 2221 1309 2262 eo
1324 2204 1492 2281 potestas
1511 2202 1573 2257 etc.
1595 2191 1618 2255 i.
1640 2209 1669 2255 e.

257 2300 331 2362 haec
350 2309 499 2383 potestas
518 2311 568 2366 est
589 2302 752 2387 maxima,
773 2324 849 2385 quae
861 2301 1074 2390 permittitur
1094 2315 1156 2368 etc.
1177 2299 1529 2384 exereitumparore.
1549 2294 1669 2362 infini-

259 2403 350 2466 tivus
369 2419 434 2488 pro
455 2406 641 2490 gerundio,
669 2417 708 2472 ut
728 2427 831 2494 supra
851 2429 982 2495 cap.17.
995 2429 1163 2474 coercere
1182 2408 1322 2494 proprie
1342 2415 1392 2471 est
1411 2406 1591 2486 cohibere,
1612 2419 1668 2464 re·

259 2505 413 2594 frenare,
433 2513 632 2596 reprimere.
645 2515 849 2578 Gaes.B'.Civ.
864 2517 952 2596 1·⁵7·
975 2509 1145 2580 coercere
1164 2509 1300 2577 milites
1320 2521 1356 2576 et
1376 2509 1415 2575 in
1436 2505 1557 2594 offido
1580 2525 1666 2569 con·

262 2607 385 2682 tinere.
406 2617 466 2679 sed
486 2615 610 2700 saepius
630 2617 723 2681 idem
745 2622 839 2700 quod
859 2619 1006 2704 punire;
1021 2639 1187 2684 coercere
1201 2613 1330 2701 moi-te,
1342 2611 1482 2697 exsilio,
1495 2604 1662 2677 uinculis.

260 2717 327 2780 Cic.
356 2713 424 2783 Off.
446 2722 475 2784 5.
487 2725 517 2784 3.
529 2716 718 2813 judicium
733 2743 912 2787 summum
934 2726 958 2788 i.
980 2745 1009 2788 e.
1030 2724 1105 2788 sine
1124 2723 1381 2810 provocatione.
1391 2717 1495 2785 uuiti.
1516 2718 1663 2780 formam

261 2823 438 2904 antiquam
460 2825 605 2909 genitivi
625 2847 690 2911 pro
702 2829 834 2892 nullius
842 2830 991 2913 positam
1001 2851 1072 2893 esse
1081 2837 1214 2913 putant.
1234 2832 1320 2904 Nam
1328 2825 1504 2888 Prisciano
1513 2829 1596 2885 teste
1610 2821 1666 2885 Vl.
1787 2837 1788 2842 ¹

262 2945 288 2986 r.
307 2947 385 3013 pag.
401 2945 470 2996 ano.
484 2923 551 2992 Ed.
571 2931 680 2993 Krehl
697 2951 706 2992 c
726 2933 821 3006 «hoc
841 2951 980 3014 quoque
1000 2931 1105 2994 habet
1117 2930 1238 2994 rarior
1256 2949 1338 2994 usus
1358 2936 1392 2993 et
1410 2925 1586 2991 vetustior.
1607 2942 1666 2986 co·

260 3032 338 3092 dem
359 3033 438 3095 loco
457 3033 602 3118 genitivi
621 3033 660 3096 in
681 3055 726 3099 ae
745 3035 933 3099 desinentis
955 3057 1052 3098 uuae
1072 3043 1176 3098 totae
1195 3042 1256 3098 etc.
1283 3033 1393 3095 multa
1413 3035 1589 3095 enumerat
1610 3046 1668 3090 ex·

260 3133 382 3218 empla.
403 3137 479 3198 etl.
500 3135 524 3198 l.
553 3155 630 3220 pag.
662 3142 727 3211 143.
768 3138 954 3219 «quamvis
973 3137 1194 3202 vetustissimi
1219 3138 1352 3202 soleant
1371 3134 1528 3200 omnium
1548 3134 1587 3197 in
1608 3125 1665 3196 ius
1772 3122 1773 3125 ¹

258 3239 518 3303 terminantium
538 3241 730 3326 genitivum
752 3252 785 3307 et
805 3245 844 3307 in
864 3243 878 3308 i
898 3243 1071 3320 dativum,
1101 3243 1204 3308 etiam
1224 3243 1262 3306 in
1283 3242 1297 3304 i
1317 3241 1508 3326 genitivum
1529 3247 1563 3303 et
1583 3237 1621 3302 in
1641 3256 1663 3299 o

183 3401 189 3411 ,
259 3345 411 3406 dativum
433 3343 470 3407 in
480 3365 606 3432 genere
626 3347 817 3411 masculino
839 3357 872 3412 et
892 3357 1026 3432 neutro,
1046 3348 1083 3410 in
1098 3347 1279 3411 foeminino
1291 3367 1373 3410 vero
1388 3348 1574 3410 secundum
1589 3341 1663 3425 pri-

259 3469 350 3512 mum
372 3449 640 3514 declinationem
662 3451 700 3513 in
721 3472 749 3516 ω
770 3451 1026 3539 diphthongum
1045 3451 1211 3539 proferre.
1221 3453 1240 3490 ‘²
1301 3455 1423 3517 eodem
1450 3451 1528 3516 loco
1548 3467 1663 3513 exem-

259 3554 326 3638 plis
360 3555 484 3640 probat
514 3550 600 3638 olii,
620 3545 707 3637 soli,
730 3552 790 3619 illi
808 3567 841 3621 et
860 3553 933 3642 ipsi
948 3578 1014 3642 pro
1034 3558 1190 3645 genitivo
1211 3558 1249 3622 in
1270 3557 1324 3622 ius
1345 3579 1365 3620 a
1385 3557 1513 3621 Catone
1532 3554 1663 3618 dictum

261 3645 337 3724 esse.
359 3670 437 3723 tum
458 3655 557 3724 nulli
575 3655 726 3724 consilii
743 3671 792 3726 est
811 3665 903 3746 apud
922 3665 1123 3729 Terentium
1143 3666 1249 3725 Andr.
1265 3667 1300 3726 t.
1316 3653 1399 3725 ·5.'2.
1428 3657 1566 3726 coloris
1585 3654 1664 3720 utti.

261 3763 371 3837 Plaut.
390 3767 490 3828 Teuc.
511 3783 540 3833 s.
557 3781 586 3828 a.
600 3765 651 3828 bb,
670 3765 736 3830 Sed
757 3784 798 3830 ex
817 3767 873 3830 his
891 3768 1056 3832 'omnibus
1082 3768 1120 3830 id
1140 3767 1253 3830 solum
1273 3775 1368 3850 patet
1415 3765 1453 3827 in
1474 3757 1666 3826 masculino

261 3879 294 3933 et
315 3877 437 3934 neutro
464 3888 590 3956 genere
619 3869 796 3954 antiquam
825 3869 971 3956 genitivi
993 3869 1270 3934 seminationem
1300 3869 1338 3931 in
1359 3866 1507 3932 ilocum
1538 3869 1666 3932 habere

261 3993 369 4058 posse,
388 3975 506 4040 sedin
527 3974 709 4046 feminino
730 3994 855 4062 genere
874 3995 945 4040 non
960 3974 1055 4043 item.
1075 3995 1182 4060 quare
1196 3975 1402 4040 etiamnunc
1416 3973 1550 4060 dubito,
1569 3970 1667 4038 nulli

261 4078 453 4164 genitisum
474 4101 520 4144 an
541 4083 692 4146 dativum
714 4083 879 4158 habeam3
901 4081 1053 4166 genitivo
1073 4089 1179 4166 certe,
1205 4080 1306 4144 salvis
1326 4079 1493 4146 Prisciani
1513 4077 1664 4164 regulis,
1724 4065 1726 4070 Α

208 4230 217 4240 .
261 4185 358 4248 iocus
377 4203 447 4247 non
470 4193 530 4252 est.
562 4187 664 4270 Quod
685 4187 778 4250 enim
800 4186 936 4248 Cortius
955 4186 1091 4270 statuit,
1110 4185 1277 4266 adjectiva
1297 4195 1331 4250 et
1348 4185 1556 4271 pronomina
1576 4201 1664 4248 neu-

262 4299 313 4354 tra
334 4289 438 4356 ctiam
457 4291 496 4355 in
516 4291 670 4378 genitivo
692 4293 787 4357 atiud
807 4291 1194 4378 substantivumregere
1207 4311 1327 4378 posse,
1360 4294 1426 4354 hoc
1445 4290 1503 4356 vir
1522 4295 1664 4372 putare·
