4116 4970
383 387 431 472 ta

277 543 281 550 ι
387 577 506 634 auctor
542 564 706 647 dixisset,
745 573 913 649 qrrantum
950 562 1036 628 mali
1077 561 1161 630 inde
1192 573 1307 631 ortum
1340 568 1383 632 sit
1418 565 1596 642 illustrat3
1633 581 1669 627 se
1696 563 1793 627 enim

387 677 483 756 quod
512 669 656 734 honoris
682 671 845 755 cupidine
867 667 1080 756 flagraverit,
1110 671 1228 736 multis
1252 671 1335 736 odio
1364 671 1486 757 fuisse,
1506 671 1568 755 qui
1588 669 1792 736 amulorum

387 777 515 842 lamam
537 774 702 840 conviciis
722 775 872 840 lacerare
891 775 986 838 soliti
1008 775 1087 838 sint.

468 881 606 947 Eadem
616 902 689 963 qua
702 888 842 945 eeteros
858 881 901 942 ab
918 879 962 942 iis
977 890 1026 942 est
1041 879 1248 966 conjectum,
1262 881 1324 965 qui
1339 883 1507 967 Asyndeti
1527 881 1599 945 vim
1614 901 1685 944 non
1698 899 1794 946 com·

387 989 653 1073 prehenderunt.
684 987 749 1048 Sed
770 984 860 1049 illud
881 993 921 1048 ut
942 986 1052 1048 multo
1074 986 1326 1071 significantius
1343 988 1391 1052 ita
1410 989 1515 1074 longe
1530 986 1717 1072 elegantius
1732 993 1791 1049 est.

470 1093 571 1155 utv.
590 1093 652 1154 Ea:
670 1089 796 1154 multia
816 1087 972 1154 miseriis
993 1099 1105 1174 atque
1116 1089 1317 1175 periculis,
1338 1093 1504 1179 intelligit
1522 1093 1738 1176 voluptatum
1758 1101 1792 1155 et

388 1195 657 1280 corruptelarum
677 1195 874 1280 illecebras,
895 1196 1020 1276 quibus
1040 1197 1209 1262 delinitus
1230 1197 1352 1264 fuerat.
1384 1193 1554 1262 secordia
1567 1217 1671 1278 quam
1684 1194 1793 1278 scrip-

390 1311 499 1365 turam
511 1301 647 1364 Cortius
654 1299 886 1381 antiquiorem
900 1301 1036 1384 habuit,
1057 1301 1159 1385 pauci
1180 1324 1221 1367 err
1238 1305 1345 1368 Codd.
1368 1302 1443 1366 Ital.
1465 1301 1684 1384 confirmant,
1703 1304 1733 1364 N
1735 1320 1793 1366 ea·

388 1407 488 1490 polit.
499 1427 527 1468 1.
546 1407 621 1469 Vat.
638 1407 667 1468 5.
694 1401 844 1468 Servilia
865 1402 988 1488 officia
1007 1407 1225 1472 renationem
1248 1417 1282 1473 et
1302 1407 1550 1495 agriculturam
1571 1405 1676 1488 dixit,
1697 1406 1792 1487 quod

390 1509 543 1594 corporis
562 1508 696 1574 viribus
715 1507 753 1572 in
774 1509 829 1571 bis
849 1509 998 1594 negotiis
1018 1512 1167 1576 maxime
1186 1513 1337 1598 utimur,
1358 1517 1418 1578 sed
1439 1511 1573 1598 ingenii
1585 1510 1735 1595 viribus,
1753 1519 1794 1574 ut
1858 1539 1861 1544 ·

390 1633 492 1697 supra
505 1615 689 1696 docuerat,
699 1613 813 1698 gloria
824 1617 1008 1696 quaerenda
1017 1627 1076 1679 est.
1100 1614 1297 1701 Studioque
1306 1639 1410 1701 quam
1424 1617 1633 1681 retinueram
1644 1615 1793 1700 particu-

390 1719 459 1782 lam
483 1740 551 1802 que
566 1717 640 1796 jam
654 1716 844 1780 multorum
864 1718 1063 1784 Italicorum
1085 1723 1305 1807 Codd.Neap.
1324 1745 1350 1785 ι.
1367 1725 1396 1786 ὁ.
1417 1723 1507 1786 Flor.
1522 1744 1571 1802 ¹7·
1587 1739 1636 1784 ao.
1648 1726 1697 1788 31.
1718 1723 1793 1785 Vat.

393 1827 551 1900 1.3.4.5.
576 1826 667 1886 Med.
681 1841 709 1885 a.
722 1827 752 1886 3.
774 1824 873 1886 Barb.
899 1845 926 1886 1.
942 1840 972 1888 a.
985 1829 1015 1888 3.
1036 1825 1240 1891 auctoritate
1259 1834 1451 1912 permotus,
1477 1825 1702 1890 omittendam
1722 1842 1805 1912 esse,

391 1949 528 2008 ceuse03
549 1928 905 2014 acceditquodfigura
926 1924 957 1998 ir
974 1925 1030 2000 tad
1047 1934 1107 2000 dciv
1128 1933 1295 1996 orationis
1315 1933 1441 2016 colori,
1461 1931 1522 2013 qui
1540 1931 1578 1994 in
1594 1933 1795 2014 bocprooe-

390 2034 461 2096 mio
476 2043 543 2118 est,
562 2053 684 2118 parum
705 2042 934 2098 consentanea
953 2054 1026 2098 esse
1045 2035 1193 2100 ridetur.
1211 2035 1380 2102 Studium
1394 2036 1510 2099 omisit
1525 2037 1614 2098 Med.
1631 2051 1677 2097 ra.
1696 2039 1790 2116 quod

387 2138 563 2202 brevitatis
571 2146 754 2222 amatores,
768 2141 883 2222 credo,
894 2139 1153 2222 amplectentur.
1173 2139 1603 2223 Ambitiomaladicitur,
1622 2140 1794 2220 quaruul-

389 2253 503 2306 torum
524 2245 696 2308 malorum
717 2251 769 2308 est
789 2263 906 2322 causa3
926 2243 1017 2307 inest
1036 2245 1142 2310 etiam
1162 2245 1200 2310 in
1220 2249 1286 2310 bac
1304 2267 1388 2312 voce
1408 2245 1609 2328 simplicitas
1620 2245 1792 2328 quadam

388 2347 771 2432 similiterapudHorat.
782 2349 1074 2414 malifurcsSatir.
1090 2373 1118 2414 1.
1129 2372 1156 2415 1.
1167 2375 1217 2433 77.
1227 2351 1471 2416 malaambitio
1479 2352 1523 2412 ΙΙ.
1532 2353 1561 2412 6.
1573 2350 1715 2414 ramata
1724 2351 1794 2416 lus-

390 2459 442 2516 tra
453 2475 479 2516 1.
491 2456 521 2516 6.
528 2455 577 2516 68.
587 2453 678 2516 rnala
686 2453 833 2516 cicutas.
850 2456 947 2534 1.66;
962 2455 1062 2520 malae
1071 2453 1170 2520 furiae
1180 2472 1209 2520 a.
1217 2460 1248 2519 3.
1258 2458 1327 2520 135.
1338 2475 1414 2538 quae
1423 2455 1499 2519 loca
1508 2454 1676 2540 congessit
1686 2456 1793 2520 Hein-

391 2556 474 2618 dorf
483 2559 526 2618 ad
546 2559 667 2619 Horat.
685 2558 786 2618 Satir.
803 2579 829 2617 r.
848 2579 875 2618 ι.
889 2562 940 2636 37.
959 2578 1153 2640 pronomen
1167 2582 1223 2622 me
1244 2561 1406 2623 nonnulli
1427 2559 1511 2622 libri
1531 2559 1792 2624 omittuntt'lor.

392 2679 486 2739 9·17·
507 2663 557 2722 3ι.
578 2669 613 2724 et
633 2659 725 2722 infra
744 2656 836 2722 mitt
859 2680 926 2722 om.
947 2663 1028 2722 Bon.
1052 2669 1085 2722 et
1105 2658 1197 2725 milri
1215 2683 1289 2747 cap.
1303 2669 1333 2726 3.
1358 2660 1477 2747 ibique
1498 2667 1616 2726 multa
1637 2665 1792 2728 advorsa

388 2765 500 2828 Berol.
513 2780 543 2841 4.
564 2767 685 2832 Venet.
700 2769 730 2828 3.
751 2785 827 2846 quae
848 2784 968 2828 eorum
988 2763 1102 2829 farere
1122 2765 1285 2830 ridentur
1304 2769 1481 2853 opinioni,
1503 2768 1564 2851 qui
1582 2768 1666 2832 talia
1677 2769 1720 2832 ab
1734 2770 1792 2832 Sa-

388 2867 493 2933 lustio
515 2869 641 2933 omissa
661 2888 732 2934 esse
761 2877 923 2934 statuunt.
962 2871 1028 2934 Sed
1053 2870 1168 2953 primo
1199 2872 1276 2937 loco
1304 2869 1396 2938 mihi
1420 2874 1523 2958 plane
1548 2873 1793 2959 necessarium,

388 2975 470 3057 quia
489 2971 562 3039 ribi
578 2979 651 3040 haee
673 2977 845 3040 contraria
864 2974 969 3038 fuisse
989 2975 1143 3040 dicturus
1163 2988 1244 3040 erat.
1270 2979 1387 3042 Altero
1401 2979 1479 3042 loeo
1496 3001 1551 3042 me
1568 2986 1699 3062 poterat
1716 2976 1793 3062 qui·

387 3082 465 3142 dem
486 3080 620 3163 omitti,
640 3082 700 3144 sed
723 3084 828 3145 Codd.
846 3081 1031 3146 meliorum
1050 3083 1235 3146 auctoritas
1254 3091 1432 3169 repugnat.
1467 3082 1585 3146 Tertio
1604 3084 1683 3146 loco
1705 3077 1796 3145 miti
1899 3151 1901 3154 ,

387 3183 481 3244 haud
491 3182 596 3244 dubie
606 3185 841 3267 retinendum,
854 3187 937 3267 quia
950 3188 1142 3271 elegantem
1151 3188 1534 3266 verborumjuncturam
1549 3183 1640 3249 mihi
1649 3182 1795 3248 animus

389 3281 485 3349 liber
498 3295 553 3348 est
574 3287 834 3348 scholiastarum
846 3288 1025 3351 inventum
1032 3291 1090 3352 vix
1106 3290 1242 3352 dixeris.
1264 3294 1420 3355 Ceterum
1430 3294 1524 3373 quod
1539 3287 1795 3375 Quinctilianus

388 3392 431 3454 de
453 3390 610 3455 oratione
630 3389 771 3455 Salustii
786 3391 975 3477 judicavit,
996 3413 1037 3458 ex
1057 3393 1133 3478 ipso
1155 3414 1259 3479 opere
1279 3395 1499 3460 manifestum
1519 3415 1590 3461 esse
1616 3395 1792 3494 laborem,

385 3493 423 3558 id
437 3493 552 3578 nescio
570 3513 614 3556 au
625 3493 663 3555 in
672 3495 740 3556 hoe
757 3495 975 3579 potissimum
991 3499 1159 3580 prooemio
1181 3501 1426 3582 deprehendas.
1466 3500 1624 3564 Auctoris
1642 3508 1795 3584 mentem

386 3597 634 3685 cogitationum
645 3598 842 3662 intentione
863 3609 1063 3683 occupatam
1084 3601 1185 3666 facile
1204 3603 1400 3689 perspicias.
1422 3606 1581 3669 Studium
1600 3615 1795 3690 susceptum

386 3704 583 3768 nouaclum
603 3704 783 3768 malevolis
800 3705 1087 3770 obtrectatoribus
1107 3728 1265 3772 excusare
1284 3711 1344 3774 sed
1365 3709 1469 3774 etiam
1488 3709 1700 3796 gravissimis
1708 3709 1795 3774 viris

390 3811 579 3891 approbare
593 3814 716 3875 studet.
737 3813 835 3874 Hauc
848 3813 893 3874 ob
906 3833 978 3878 rem
999 3813 1037 3876 iu
1049 3816 1230 3878 hominum
1244 3826 1401 3879 naturam
1412 3810 1580 3899 inquirit,
1604 3823 1638 3880 et
1648 3835 1724 3899 quae
1732 3833 1794 3901 pe·

388 3915 490 3976 tenda
499 3923 613 3996 etquae
623 3915 788 4002 fugienda
800 3917 868 3980 sint
880 3918 1044 4002 explorat.
1065 3919 1271 4005 Quaestionis
1280 3920 1437 4004 gravitati
1449 3921 1661 3985 conformata
1671 3918 1794 3984 oratio.

385 4018 500 4084 Verba
519 4018 699 4102 sonantia,
720 4021 864 4085 concisae
893 4025 1089 4102 sententia,
1110 4027 1247 4089 numeri
1268 4025 1356 4090 curti
1377 4035 1411 4089 et
1424 4026 1631 4090 aboratorio
1653 4025 1795 4090 dicendi

385 4143 510 4210 genere
530 4121 749 4209 alienissimi,
764 4125 926 4203 junctura
946 4130 1068 4214 sapius
1086 4130 1303 4210 duriuscula3
1325 4150 1403 4196 cum
1424 4132 1517 4197 euim
1537 4131 1714 4197 sententiae
1740 4136 1794 4196 at·

385 4249 453 4310 que
474 4229 700 4319 cogitationes
732 4231 863 4297 similes
883 4243 980 4320 sunt,
1003 4244 1083 4321 apta
1100 4236 1287 4302 verborum
1312 4235 1475 4316 junctura
1496 4232 1791 4324 sapius-negligi-
