4106 4974
1576 397 1662 550 ‘iis
1754 507 1763 524 ,

265 632 379 697 omitti
400 637 623 718 non-potest3
643 631 726 714 quia
747 607 819 695 baec
829 627 980 694 formula
994 624 1181 714 solemnis,
1202 634 1236 690 et
1257 617 1381 688 iisdem
1398 621 1513 687 verbis
1526 611 1663 688 Silanus

250 737 456 804 seutentiam
478 737 619 810 dixerat.
641 734 810 818 aliaeque
826 735 931 822 leges.
957 735 1052 824 leges
1080 755 1148 799 om.
1175 735 1251 799 Vat.
1291 732 1321 793 6.
1354 727 1483 811 quibus
1514 725 1663 816 legibus.

252 840 390 932 legibus
424 863 493 908 om.
520 843 606 906 Ven.
633 863 659 903 ι.
686 861 731 902 m.
755 857 820 906 sec.
852 838 999 903 addidit.
1041 841 1132 904 Med.
1161 841 1190 907 6.
1221 854 1293 899 uno
1326 841 1417 898 certe
1446 833 1524 896 loco
1545 831 1665 910 jejuna

251 956 302 1012 est
311 944 515 1009 substantivi
525 943 708 1029 repetiti03
728 945 789 1006 sed
799 942 908 1026 magis
924 962 966 1007 eo
987 942 1135 1007 inclinat
1154 942 1301 1024 animus,
1321 944 1495 1030 utlegesu
1508 935 1665 1002 librariis

253 1048 424 1127 adjectum
445 1067 518 1113 esse
540 1047 741 1114 existimem.
763 1035 914 1111 ceterum
933 1047 1026 1112 idem
1047 1047 1296 1112 substantivum
1311 1045 1434 1130 saepius
1447 1041 1665 1110 eodem'loco

252 1171 384 1236 ponere
401 1153 534 1236 optimo
555 1153 680 1234 cuique
699 1151 859 1237 scriptori
873 1153 1052 1217 usitatum.
1073 1153 1133 1218 cfr.
1149 1155 1257 1218 locaa
1278 1151 1394 1217 Cortio
1407 1151 1558 1214 laudata.
1577 1151 1662 1213 Caes.

252 1260 286 1319 B.
311 1257 400 1321 Gall.
418 1281 443 1321 ι.
460 1262 509 1330 ι6.
531 1265 565 1323 et
582 1274 633 1340 49.
650 1257 701 1326 id.
723 1260 751 1331 5,
770 1279 807 1341 9.
823 1257 893 1327 Cic.
909 1261 953 1321 ΙΙ.
982 1261 1080 1348 Verr.
1101 1276 1151 1343 74.
1172 1271 1237 1344 pro
1257 1257 1384 1323 Sextio.
1404 1277 1477 1341 cap.
1492 1255 1547 1340 45.
1576 1255 1667 1317 adde

252 1361 356 1445 Epist.
375 1378 404 1439 4.
433 1365 472 1442 53
493 1365 523 1426 ii.
545 1365 574 1442 ὃς
596 1386 625 1445 9.
649 1365 703 1442 133
727 1367 775 1426 1³.
795 1365 845 1436 58,
865 1365 1002 1428 Terent.
1021 1367 1161 1430 Phorm.
1182 1365 1319 1450 Prolog.
1341 1365 1394 1436 33.
1416 1360 1476 1425 cfr.
1497 1357 1662 1422 liuddim.

250 1467 336 1528 tnst.
365 1467 402 1528 L.
431 1469 467 1534 L.
500 1484 529 1530 a.
559 1470 609 1542 18.
638 1474 672 1533 et
697 1473 783 1549 399.v
809 1469 892 1558 Ego
910 1469 1008 1536 hanc
1029 1491 1190 1539 causam.
1231 1472 1308 1543 Vat.
1329 1489 1362 1540 a.
1383 1488 1486 1552 quem
1505 1465 1664 1528 ordinem

249 1570 484 1651 antiquissimi
513 1571 586 1638 fere
624 1569 710 1637 libri
742 1573 881 1638 habent.
931 1555 1004 1658 quo
1036 1572 1180 1660 minus,
1211 1576 1307 1657 quod
1338 1574 1445 1660 vulgo
1474 1571 1581 1638 verba
1610 1585 1667 1632 se-

251 1674 397 1758 quitur,
426 1675 553 1757 quibus
583 1676 637 1742 ris
666 1681 824 1759 quedam
844 1677 1072 1763 ‘impediendi
1098 1679 1215 1762 inest,
1244 1681 1312 1743 hoc
1338 1679 1417 1742 loco
1446 1678 1599 1763 positum
1625 1679 1667 1736 ut

253 1781 347 1863 apud
382 1779 548 1858 Caesarem
587 1783 626 1856 B.
655 1783 726 1848 Cir.
758 1799 788 1846 a.
816 1788 867 1857 ιδ.
900 1782 1043 1847 stetisse
1064 1805 1135 1866 per
1169 1779 1420 1868 Trebonium,
1443 1804 1516 1866 quc
1544 1774 1666 1844 miuus

253 1879 386 1966 oppido
402 1881 632 1970 potirentur,
652 1883 849 1950 videbatur.
868 1875 925 1940 -’
945 1885 984 1952 iu
1005 1883 1090 1952 illis.
1109 1907 1271 1972 pronom.
1312 1883 1351 1953 in
1372 1887 1515 1955 omisis·
1538 1889 1605 1952 Vat
1633 1901 1665 1945 a.

249 1985 358 2050 Berol
386 2009 414 2054 r.
449 1991 509 2053 sed
524 1987 598 2068 jain
620 1990 758 2055 (lortius
788 1989 924 2075 docuit,
954 1991 1079 2056 melius
1108 1991 1389 2077 praepositionem
1417 1993 1486 2053 boc
1513 1989 1592 2052 loco
1612 2001 1666 2050 re·

250 2088 366 2164 tineri.
409 2091 470 2155 cfr.
492 2095 651 2180 Jugurtb.
674 2097 704 2169 8,
727 2099 777 2159 ab.
798 2103 832 2158 et
853 2095 942 2157 alios
961 2095 1144 2177 scriptores
1163 2093 1300 2177 passim.-
1330 2090 1370 2156 in
1391 2114 1467 2157 rem
1500 2089 1563 2164 cir.
1594 2087 1665 2153 Cic.

250 2195 349 2256 Rosc.
379 2194 489 2259 Amer.
522 2199 571 2260 18.
610 2193 770 2287 majores
793 2193 926 2263 ‘nostri
955 2193 1174 2261 remittimur
1190 2205 1227 2262 et
1242 2189 1456 2262 tenuissima
1475 2189 1665 2278 republica
1719 2194 1744 2260 ’.

249 2294 450 2362 marimum
472 2305 509 2363 et
516 2296 825 2387 florentissimam
846 2298 952 2368 nobis
971 2297 1210 2384 reliquerant.
1250 2322 1293 2365 ea
1324 2299 1411 2365 bene
1431 2306 1559 2383 μανία.
1583 2317 1665 2384 pro-

251 2421 396 2487 nomen,
417 2407 512 2486 quod
532 2405 572 2468 in
595 2405 777 2472 nonnullis
796 2405 898 2472 libris
918 2407 1084 2474 omissum
1104 2401 1171 2482 es't,
1199 2402 1277 2469 viro
1306 2408 1408 2468 docto
1440 2403 1557 2468 nescio
1577 2395 1666 2488 leui,

250 2523 284 2570 a
298 2507 453 2574 librariis
473 2509 645 2591 adjectum
673 2531 745 2578 esse
769 2513 972 2594 videbatur,
1004 2511 1133 2598 quippe
1158 2513 1253 2594 quod
1275 2531 1319 2575 ne
1340 2509 1502 2574 Iatinum
1522 2506 1665 2591 quidem

219 2643 221 2646 ·
250 2620 345 2676 esset.
366 2615 433 2678 Sed
446 2613 683 2698 primumJ'cm
697 2617 766 2681 boc
781 2617 982 2703 insolitum,
1004 2620 1099 2700 quod
1109 2611 1269 2680 neutrum
1283 2614 1419 2699 plurale
1432 2611 1585 2700 positum
1603 2619 1664 2698 est,

249 2719 345 2798 quod
363 2718 422 2782 rix
441 2717 579 2785 librarii
592 2721 780 2796 *inventum
800 2743 872 2788 esse
894 2723 1023 2789 dixeris
1039 2745 1049 2803 ;
1072 2742 1185 2803 neque
1207 2720 1406 2803 sequentia:
1447 2717 1534 2782 bene
1545 2725 1666 2801 μανία

249 2821 317 2885 hoc
337 2827 545 2906 pronomine
565 2827 698 2906 adjecto
719 2829 943 2912 explicantur.
974 2829 1035 2891 sed
1055 2826 1280 2909 scriptoribus
1299 2828 1372 2888 haec
1385 2822 1594 2905 permutatio
1605 2839 1664 2905 ge-

177 2963 185 2970 ·
250 2923 343 2990 ueris
362 2928 444 2992 setis
463 2930 598 3002 usitata.
628 2931 768 2995 videtur
791 2939 924 3015 autem,
945 2929 1073 2994 omisso
1096 2925 1320 3012 pronomine,
1342 2924 1564 3010 participium
1585 2945 1663 2986 cum
1735 2931 1740 2942 ’

221 3087 224 3094 .
248 3033 528 3097 antecedentibus
549 3053 620 3098 non
641 3034 723 3097 satis
751 3042 830 3118 apte
846 3033 1006 3113 junctum
1027 3052 1109 3105 esse.
1130 3050 1324 3116 pronomen
1356 3029 1664 3092 demonstrativum

248 3130 436 3214 aliquoties
456 3135 616 3222 adjungi,
643 3145 682 3200 ut
706 3130 764 3200 vis
786 3138 963 3202 sententia
983 3144 1182 3222 augeretur,
1208 3133 1282 3214 jam
1301 3153 1405 3218 supra
1423 3133 1574 3196 vidimus
1603 3132 1663 3196 cfr.

249 3255 320 3323 cap.
335 3243 387 3321 37.
407 3240 473 3303 sed
491 3241 636 3304 urbana
652 3241 774 3325 plebes
794 3263 838 3306 ec
858 3262 945 3307 vero
961 3242 1032 3305 Liv.
1048 3261 1075 3308 1.
1098 3261 1145 3320 ¹9·
1167 3237 1291 3302 urbem
1307 3259 1454 3323 novam,
1475 3233 1663 3302 conditam

252 3337 287 3405 vi
315 3351 351 3405 et
382 3341 522 3429 αννηίο,
553 3341 648 3437 jure
673 3367 751 3411 eam
774 3342 983 3435 legibusque
1011 3347 1054 3410 de
1073 3340 1219 3432 integro
1241 3344 1395 3424 condere
1405 3347 1561 3434 parcnt.
1600 3341 1663 3417 cfr.

251 3445 419 3521 lluddim.
441 3448 554 3511 Instit.
571 3451 607 3525 L,
629 3452 667 3518 L.
680 3451 724 3513 11.
744 3469 820 3537 pag.
839 3455 910 3532 ipo.
929 3449 991 3518 cir.
1010 3449 1114 3515 etiam
1134 3451 1340 3512 liamshorn.
1360 3448 1418 3510 Gr.
1439 3449 1477 3510 L.
1497 3445 1527 3532 ς.
1541 3462 1612 3525 204.
1633 3451 1664 3516 ³.

250 3567 280 3614 a.
298 3553 359 3616 sed
380 3551 520 3616 laudati
539 3553 618 3618 loca
637 3574 710 3620 non
729 3549 885 3635 ejusdem
902 3573 974 3620 esse
994 3553 1148 3642 generis,
1177 3553 1329 3618 libenter
1356 3556 1516 3618 concedo.
1557 3570 1665 3634 quare

251 3654 417 3721 hocloco
457 3657 545 3723 bene
558 3668 677 3744 μανία
701 3667 773 3746 ¹per'
797 3659 1049 3746 appositionem
1076 3657 1279 3742 pronomini
1307 3657 1425 3721 addita
1446 3677 1518 3727 esse
1538 3643 1661 3719 statuo.

252 3757 342 3822 daec
361 3760 433 3846 legi
447 3761 550 3840 jussit
575 3767 616 3831 V.
638 3765 686 3828 Cl.
710 3765 943 3830 Heinriehius.
962 3757 1141 3845 pecunias
1154 3759 1181 3834 i.
1194 3781 1223 3826 e.
1241 3761 1344 3829 bona.
1359 3782 1430 3845 per
1449 3755 1662 3844 municipia.

253 3861 277 3927 i.
285 3881 313 3927 e.
327 3855 366 3926 in
375 3865 537 3931 omnibus
549 3853 761 3952 municipiis.
780 3870 847 3932 hoc
863 3867 957 3932 enim
972 3888 1043 3953 per
1062 3865 1231 3951 exprimit.
1253 3865 1327 3941 Liv,
1343 3886 1371 3948 1.
1383 3886 1412 3946 9.
1424 3863 1680 3932 invitatidos..

247 3965 421 4050 pisaliter
436 3961 505 4052 per
524 3970 664 4043 domos.
687 3973 798 4042 Plaut.
820 3973 905 4047 Cist.
926 3975 1001 4046 5.1.
1013 3967 1246 4060 fabulantur
1259 3965 1414 4055 pervius
1432 3971 1499 4036 Sed
1520 3974 1588 4035 boc
1600 3991 1662 4036 sae-
1776 3971 1780 3976 ’

252 4070 332 4156 psus
351 4068 500 4158 fastum,
519 4083 559 4140 us
581 4077 707 4162 capitu
727 4097 792 4162 per
810 4076 1002 4163 municipia
1020 4076 1059 4140 tn
1080 4059 1236 4143 eustolia
1258 4077 1476 4150 haberentur.
1504 4076 1561 4140 err.
1582 4077 1662 4142 vu-

126 4213 130 4222 ·
254 4173 309 4256 lej.
324 4169 420 4246 t'.'11.
441 4179 582 4254 Sueton.
600 4181 681 4252 Caes.
703 4201 777 4267 cap.
801 4195 849 4259 14.
872 4200 947 4248 non
969 4177 1060 4264 quis.
1083 4181 1145 4254 cir,
1168 4183 1238 4252 Cic.
1259 4183 1359 4251 Catil.
1374 4198 1403 4258 4.
1421 4198 1452 4259 4.
1474 4176 1660 4244 existima.

255 4300 307 4346 re.
326 4279 432 4351 etiam
450 4283 524 4352 hec
542 4303 610 4352 vox
628 4282 668 4350 in
687 4291 823 4354 unctus
843 4284 1095 4354 consultissatis
1114 4285 1249 4352 usitate
1282 4285 1343 4364 cir,
1363 4285 1434 4351 cic.
1455 4285 1549 4350 Orat.
1569 4289 1658 4372 post·
