4116 4970
1551 447 1686 552 Ι35

190 665 192 672 -
292 629 403 716 pieius
423 633 564 700 Severus
583 645 617 702 et
639 641 772 706 Pseudo
793 675 812 692 -
829 639 1061 726 Hegesippus‚
1081 636 1142 720 qui
1167 637 1328 721 quidem,
1358 633 1534 700 inferioris
1555 638 1688 704 ordinis

290 735 465 825 homines,
485 742 663 807 brevitatis
687 754 813 808 certam
835 747 1007 827 quandam
1028 744 1175 828 speciem
1198 751 1353 827 captant,
1371 745 1475 806 verba
1496 741 1688 808 salustiano

289 850 476 928 sectantur,
498 855 531 908 et
551 849 632 910 satis
649 849 778 911 habent
795 859 911 933 tropos
930 851 1095 931 quosdam
1115 855 1216 926 atque
1234 847 1360 930 figuras
1378 847 1526 910 Salustio
1546 847 1688 912 usitatas

289 944 327 1006 in
349 946 458 1012 libros
477 969 555 1013 suos
576 953 798 1022 transtulisse.
832 956 935 1036 Quod
959 952 1101 1032 quidem
1122 950 1283 1012 imitandi
1302 950 1454 1012 studium
1474 971 1518 1015 ne
1542 970 1563 1013 a
1579 951 1688 1014 medii

289 1048 430 1130 quidem
456 1053 520 1115 aeri
546 1055 769 1137 scriptoribus
790 1056 942 1119 alienum
963 1055 1054 1145 fuit.¹
1080 1052 1301 1116 Recentiores
1319 1063 1472 1117 auctores
1488 1057 1582 1136 quod
1607 1055 1685 1118 atti·

288 1160 365 1229 net,
396 1155 567 1238 Hispanos
591 1157 752 1240 inprimis
773 1159 1002 1222 Salustianum
1023 1157 1162 1219 dicendi
1183 1177 1289 1241 genus
1309 1153 1481 1221 affectasse
1500 1159 1581 1222 satis
1602 1179 1684 1222 con.

287 1263 362 1321 stat.
400 1259 477 1320 Jam
496 1260 772 1347 philologorum,
793 1264 854 1345 qui
874 1265 912 1326 in
935 1282 975 1325 eo
989 1261 1194 1323 illustrando
1216 1260 1451 1344 elaborarunt,
1472 1262 1543 1325 fere
1564 1263 1682 1326 nullus

286 1359 368 1443 fuit,
387 1359 473 1444 quin
491 1364 633 1429 summis
652 1366 812 1429 laudibus
836 1376 870 1430 et
887 1363 1078 1429 orationem
1095 1375 1127 1427 et
1144 1365 1368 1429 oeconomiam
1389 1365 1609 1428 historiarum
1628 1384 1682 1429 ce-

286 1463 470 1530 lebrarent.
518 1470 583 1530 Sed
605 1472 678 1534 haec
701 1473 873 1534 hactenus.
914 1471 1080 1533 Clausulae
1114 1470 1193 1532 loco
1225 1472 1351 1534 addere
1383 1470 1504 1552 lubet,
1535 1487 1611 1549 quae
1639 1471 1683 1531 de

285 1566 423 1634 Hortis
435 1569 672 1656 salustianis,
691 1577 732 1640 V.
752 1577 792 1637 D.
813 1577 990 1636 Eduardus
1012 1575 1223 1658 Gerhardus,
1244 1575 1359 1657 quiin
1373 1572 1468 1636 urbis
1480 1575 1598 1635 Rome
1608 1591 1681 1650 mo-

284 1674 459 1737 numentis
487 1677 698 1760 explicandis
729 1697 863 1742 summo
890 1699 968 1742 cum
994 1676 1130 1762 ingenii
1158 1679 1316 1743 acumine
1350 1686 1527 1761 versatur,
1556 1677 1681 1741 adme

284 1777 490 1862 perscripsit.

409 2050 1537 2158 nunonr1sslnusr1un1s

332 2263 571 2326 EDUARDI
611 2265 892 2327 GERHARDI
931 2263 999 2325 AD
1039 2263 1321 2362 EDITOREM
1348 2260 1620 2370 'EPISTOLh

654 2441 1301 2497 ψ

357 2661 468 2725 Pauca
487 2668 582 2744 sunt,
602 2658 777 2724 Francisee
796 2659 973 2744 Gerlachi,
992 2659 1047 2722 vir
1059 2657 1304 2742 eruditissime,
1322 2676 1398 2739 quae
1417 2659 1459 2720 de
1471 2655 1672 2720 Salustianis

277 2765 431 2830 edificiis
450 2769 640 2830 enarranda
661 2767 784 2829 habeo.
814 2767 897 2849 Quae
914 2764 1083 2849 siparum
1101 2764 1255 2847 speciosa
1275 2762 1342 2824 tuis
1357 2762 1522 2822 accedunt
1540 2757 1672 2820 divitiis

283 2870 435 2952 opellam
451 2870 543 2932 malo
562 2869 755 2953 prestitisse
774 2870 855 2932 satis
870 2866 1044 2952 exiguam,
1065 2886 1168 2947 quam
1191 2883 1359 2928 recusasse
1380 2861 1670 2943 quantulumcun-

276 2993 344 3054 que
358 2973 518 3038 amieitiae
543 2980 664 3036 nostrae
683 2974 937 3036 documentum
976 2969 1109 3053 Quodsi
1124 2968 1234 3031 multa
1250 2966 1513 3047 desideraveris,
1533 2984 1608 3044 quae
1624 2965 1667 3026 ab

275 3075 355 3138 aliis
374 3076 570 3139 auctoribus
590 3075 729 3159 vulgata
751 3083 848 3157 sunt,
878 3074 916 3136 id
934 3073 1040 3138 velim
1061 3071 1206 3158 cogites,
1232 3069 1409 3155 garrulum
1431 3068 1524 3132 istud
1549 3068 1666 3132 bario·

828 3217 839 3326 't

351 3355 419 3410 tem
440 3347 525 3428 quid
544 3354 731 3430 sequatur,
754 3344 817 3408 ubi
834 3333 942 3410 'alicui
959 3343 1083 3408 vitium
1103 3361 1168 3427 pro
1189 3342 1344 3427 exemplo
1366 3349 1425 3405 est.
1464 3341 1559 3404 Dixit
1577 3339 1662 3404 Sale

354 3448 453 3530 aquis
480 3449 724 3512 hiemantibus.
762 3426 944 3512 Arruntius
970 3449 1009 3510 in
1028 3449 1142 3531 primo
1161 3447 1253 3510 libro
1273 3444 1359 3508 belli
1385 3443 1508 3508 Punici
1528 3444 1591 3507 ait:
1612 3463 1668 3508 re-

350 3558 454 3635 pente
479 3550 645 3614 hiemavit
672 3561 863 3635 tempestas.
900 3555 942 3616 Et
963 3551 1033 3615 alio
1049 3552 1127 3616 loco
1149 3571 1226 3616 cum
1247 3551 1361 3613 dicere
1377 3551 1477 3613 vellet
1499 3548 1664 3634 trigidum

347 3673 476 3717 annum
496 3652 617 3737 fuisse,
637 3656 711 3719 ait:
746 3664 836 3719 totus
856 3655 1021 3720 hiemavit
1046 3673 1167 3719 annus.
1206 3657 1248 3716 Et
1275 3655 1344 3716 alio
1371 3655 1470 3717 loco:
1497 3653 1580 3715 inde
1606 3669 1661 3714 se·

351 3757 489 3843 xaginta
516 3758 689 3821 onerarias
709 3777 829 3843 naves,
854 3769 978 3842 praeter
997 3759 1142 3822 militem
1165 3763 1199 3818 et
1227 3755 1434 3819 necessarios
1465 3763 1663 3847 nautarum,

354 3861 527 3926 hiemante
547 3862 709 3943 aquilone
729 3861 838 3925 misit:
860 3882 931 3924 non
952 3860 1079 3924 desinit
1097 3859 1259 3923 omnibus
1277 3859 1363 3921 locis
1377 3859 1444 3922 hoc
1454 3859 1597 3922 verbum
1607 3857 1663 3920 in·

348 3961 480 4028 sercire.
515 3967 672 4050 Quodam
692 3965 770 4029 loco
789 3963 955 4028 Salustius
975 3963 1074 4027 dicit:
1101 3963 1193 4030 inter
1216 3983 1311 4026 arma
1331 3963 1447 4026 civilia
1466 3965 1557 4046 aequi
1575 3965 1661 4028 boni

349 4066 457 4130 famas
484 4069 594 4152 petit..
618 4069 799 4134 Arruntius
826 4087 897 4132 non
926 4069 1155 4153 temperavit,
1181 4088 1251 4150 quo
1278 4068 1393 4134 minus
1413 4066 1525 4152 primo
1546 4067 1659 4131 statim
1717 4111 1725 4130 .

350 4169 441 4234 libro
461 4181 623 4256 poneret,
645 4171 800 4258 ingentes
821 4193 892 4241 esse
913 4172 1017 4236 lamas
1037 4174 1081 4238 de
1100 4171 1247 4258 Regulo.

1339 4262 1364 4348 i
