4106 4974
401 407 471 500 ¹4⁰

404 600 429 663 i.
438 617 466 666 e.
481 565 662 684 optimam.
681 593 762 660 vide
780 613 883 682 supra
893 615 922 660 c.
931 597 963 660 5.
984 611 1142 684 magnos
1151 587 1291 689 serere.
1310 597 1395 658 nots
1408 591 1666 680 simplicitatem
1679 619 1812 670 sermo.
1910 661 1913 666 ,

402 705 458 769 nis
478 702 625 786 antiqui.
645 701 839 766 laudamus
849 697 915 768 div.
935 701 960 766 i.
974 721 1004 767 e.
1015 701 1238 801 admiremur,
1257 699 1299 764 iu
1319 697 1432 786 pretio
1445 701 1624 770 babemus.
1643 704 1704 770 cfr.
1718 709 1810 774 Plin.
1856 700 1858 706 ’

401 813 444 874 Η.
466 813 506 876 Ν.
528 812 631 892 spis
650 813 686 872 et
698 808 749 873 28.
772 826 820 868 ιο.
841 804 929 892 apri
947 807 1134 874 cerebrum
1158 814 1294 873 contra
1310 814 1495 892 serpentes
1517 809 1809 878 laudatum-se·

404 911 557 998 quimur
577 911 601 978 i.
623 931 655 980 e.
675 911 829 976 studiose
847 911 981 976 sectari.
1012 911 1074 976 cfr.
1103 913 1225 986 Horat.
1245 911 1401 977 Sermon.
1421 935 1448 976 ι.
1466 915 1497 976 6.
1514 913 1566 994 87.
1613 913 1649 980 si
1666 937 1808 1000 praeco

400 1041 535 1106 parvas
555 1027 624 1086 aut
646 1026 801 1086 coactor
821 1018 999 1084 mercedes
1017 1035 1201 1100 sequerer.
1222 1015 1284 1082 cir.
1304 1017 1376 1083 Cic.
1386 1037 1452 1104 pro
1472 1021 1562 1083 Mur.
1578 1041 1627 1100 ²7·
1647 1024 1691 1086 de
1703 1025 1807 1111 legg.

404 1150 434 1192 2.
459 1150 486 1191 t.
540 1126 625 1212 Qum
643 1124 807 1190 hocloco
826 1125 911 1188 Cato
930 1121 1067 1188 senatui
1086 1121 1228 1188 crimini
1246 1124 1321 1208 dat,
1345 1121 1391 1188 iis
1414 1121 1544 1188 similis
1566 1125 1749 1212 Philippus
1767 1128 1807 1192 in

409 1233 504 1312 Oret.
524 1239 645 1296 contre
655 1229 824 1314 lepidum
837 1221 994 1294 effundit.
1005 1227 1067 1296 cir.
1079 1228 1170 1294 infru
1186 1227 1264 1294 Lib.
1277 1226 1434 1316 ntngn.
1452 1249 1502 1312 19.
1523 1249 1684 1298 vacuam.
1699 1249 1806 1298 motta

407 1337 604 1424 respublica
623 1335 761 1418 dicitur,
780 1332 877 1414 cujus
896 1353 1000 1398 nemo
1019 1351 1137 1399 curam
1156 1334 1261 1422 gerit,
1280 1335 1458 1420 quomodo
1479 1334 1806 1419 apudjurisconsul.

400 1453 455 1510 tos
474 1445 588 1526 bona,
606 1439 802 1525 hereditas,
822 1439 992 1526 possessio
1011 1457 1138 1526 secus,
1155 1459 1234 1523 quse
1252 1458 1274 1504 a
1292 1440 1393 1505 nullo
1410 1439 1638 1528 possidentur.
1678 1439 1807 1535 eonju-

366 1546 368 1552 ’
401 1569 536 1615 rasere.
555 1544 825 1612 -constructio
846 1546 976 1618 Graes.
1002 1544 1114 1609 rarius
1140 1545 1235 1612 enim
1262 1565 1342 1612 oum
1368 1543 1544 1612 infinitivo
1570 1545 1802 1632 conjungitur.
1923 1585 1929 1593 -

402 1653 463 1727 cir.
483 1655 604 1718 Horat.
624 1655 692 1720 Od.
717 1673 745 1719 1.
768 1653 817 1726 1⁵.
842 1654 875 1727 6.
918 1647 1076 1717 Graecia
1105 1649 1307 1745 conjurata
1334 1657 1421 1716 tuas
1451 1671 1617 1736 rumpere
1643 1653 1806 1735 nuptiis.

401 1759 525 1848 saepius
551 1757 707 1844 sequitur
737 1763 888 1842 contra,
919 1754 980 1842 in,
1000 1777 1079 1824 cum
1099 1776 1167 1823 acc.
1188 1757 1232 1822 de
1253 1778 1332 1824 cum
1350 1757 1454 1824 sblst.
1476 1755 1531 1822 vel
1550 1764 1593 1820 ut
1612 1775 1691 1820 cum
1711 1757 1807 1836 conj.

403 1860 689 1956 infestissimam.
731 1863 792 1933 cir.
811 1881 915 1951 cupre
934 1885 1007 1952 csp.
1028 1880 1079 1942 40.
1098 1871 1132 1930 et
1151 1865 1322 1952 iugurtha
1341 1863 1403 1938 fin.
1444 1863 1520 1928 duc
1540 1856 1699 1926 hostium
1719 1882 1806 1926 cum

400 1967 575 2034 exercitu.
596 1971 671 2036 Vat.
692 1987 722 2032 a.
761 1990 844 2036 cum
865 1969 1039 2039 exercitu.
1059 1989 1129 2035 om.
1147 1972 1243 2039 Eich.
1271 1990 1347 2055 quae
1368 1968 1472 2036 lectio
1491 1966 1670 2032 confirmat
1689 1986 1806 2032 emen·

401 2075 578 2140 dationem
598 2096 627 2143 c.
646 2079 698 2153 43,
720 2095 742 2138 a
762 2075 880 2140 Cortio
899 2075 1131 2162 propositam,
1158 2076 1221 2140 ubi
1246 2075 1370 2142 itidem
1388 2074 1492 2145 verba
1520 2093 1605 2164 eum
1640 2067 1803 2138 exercitu

402 2202 426 2246 a
436 2181 589 2246 librariis
597 2180 716 2246 addite
730 2191 836 2247 erant.
843 2202 958 2266 supra
974 2191 1086 2267 ceput
1097 2182 1120 2266 i.
1132 2201 1161 2248 e.
1173 2201 1282 2270 prope
1291 2182 1396 2264 abest,
1403 2183 1497 2264 quod
1504 2179 1612 2265 paulo
1618 2178 1709 2244 inira
1717 2175 1804 2242 dici·

399 2295 471 2350 tur:
482 2281 664 2378 saucibus
678 2293 794 2376 urget.
804 2285 866 2358 cir.
877 2285 1028 2351 similem
1041 2287 1158 2352 locum
1166 2307 1220 2372 ep.
1241 2287 1442 2352 Ciceronem
1455 2287 1514 2350 Or.
1524 2284 1563 2350 in
1577 2287 1649 2350 Cat.
1659 2301 1690 2362 4.
1699 2301 1728 2354 a.
1738 2282 1804 2352 cir.

399 2391 512 2466 Ltus.
533 2415 582 2476 17.
607 2393 821 2459 cumhostes
832 2413 948 2478 supro
960 2401 1073 2478 eaput
1083 2388 1170 2466 sint.
1183 2392 1253 2461 Cic.
1264 2414 1328 2479 pro
1343 2395 1431 2460 Mur.
1447 2385 1804 2474 ³7.'irscopiteatque

400 2493 597 2566 cervicibus
616 2493 755 2563 nostris
773 2495 992 2563 restiterunt
1006 2536 1048 2552 -
1060 2493 1290 2564 cunctamini
1308 2495 1420 2564 etiam
1439 2517 1539 2564 nunc
1556 2503 1592 2562 et
1612 2491 1802 2570 dubitatis.

399 2601 494 2664 Eich.
515 2621 621 2684 quam
639 2602 824 2668 lectionem
845 2611 879 2667 et
899 2604 1009 2687 ipsam
1028 2603 1153 2688 laudo,
1177 2611 1216 2668 ut
1238 2603 1473 2691 intelligatur,
1501 2604 1613 2690 capite
1647 2605 1698 2677 46.
1734 2601 1803 2664 dr-

398 2703 522 2772 bitom
553 2705 776 2772 librariorum
807 2725 879 2772 esse
906 2717 1159 2794 commentum,
1186 2708 1248 2792 qui
1275 2709 1338 2774 tali
1361 2713 1592 2784 additamento
1622 2707 1802 2772 duriorem

395 2814 581 2879 verborum
600 2821 805 2880 structuram
824 2812 958 2878 molliri
977 2814 1155 2900 putabant.
1185 2813 1366 2902 deprensis
1389 2813 1566 2908 hostibus.
1589 2815 1683 2897 quod
1703 2803 1803 2878 ride-

396 2928 455 2986 tur
475 2939 546 2986 esse
566 2917 784 3006 elegantius;
815 2930 866 2986 est
886 2905 980 2985 enim
999 2921 1206 2986 vocabulum
1225 2921 1406 3009 proprium
1427 2922 1465 2988 in
1485 2924 1551 2988 hec
1569 2941 1617 2989 re.
1656 2921 1715 2983 sed
1735 2937 1835 3000 ap·-

390 3023 580 3109 p'reiensis
599 3030 690 3092 banc
709 3027 820 3114 ipsam
840 3026 886 3092 ob
908 3045 982 3092 rem
1000 3024 1270 3111 preferendum,
1297 3025 1381 3110 quia
1409 3027 1518 3114 msgis
1538 3036 1588 3092 est
1608 3024 1802 3092 insolitum.

398 3131 459 3202 cfr.
484 3132 572 3196 Gell.
597 3136 624 3197 5.
646 3151 695 3210 14·
714 3135 791 3208 Val.
813 3136 992 3211 Manui.
1010 3154 1036 3200 1.
1058 3125 1289 3200 miseremini.
1310 3133 1418 3200 Vata.
1438 3135 1533 3216 quod
1543 3132 1689 3216 vellem,
1708 3149 1800 3196 rece·

395 3235 539 3322 piscem
559 3243 609 3302 est
629 3238 723 3300 enim
742 3237 899 3302 usitatius
918 3239 956 3301 in
976 3238 1042 3302 bac
1062 3244 1252 3318 structura;
1282 3236 1346 3301 ubi
1373 3237 1468 3305 enim
1489 3231 1640 3323 opinor,
1669 3236 1798 3318 credo,
1873 3320 1876 3326 Ι

396 3361 530 3423 spero,
549 3361 674 3408 censeo
707 3340 993 3426 interponuntur,
1013 3340 1220 3406 indicativus
1238 3341 1397 3428 ponitur;
1417 3343 1497 3408 vide
1517 3343 1700 3408 innumere
1721 3342 1798 3406 loca

395 3447 489 3528 apud
521 3443 683 3508 Plautum
711 3455 744 3514 et
764 3447 963 3512 Terentium
994 3457 1028 3513 et
1055 3448 1125 3517 Cic.
1148 3449 1247 3514 Catil.
1279 3465 1310 3526 4.
1339 3451 1368 3513 6.
1413 3444 1619 3535 Veremirri,
1650 3469 1796 3537 censeo,

394 3567 441 3612 rte
460 3543 499 3612 in
518 3545 588 3610 ltoc
607 3549 741 3612 scelere
759 3555 871 3611 ctc-
891 3559 1004 3631 atque
1023 3548 1144 3616 etiam.
1166 3549 1277 3618 etiam
1297 3573 1365 3618 om.
1385 3555 1480 3624 Eich.
1502 3556 1718 3621 consentiunt
1729 3573 1797 3639 op·

395 3653 473 3744 timi
494 3651 603 3718 Cortii
616 3651 713 3718 libri.
731 3651 868 3718 ridetur
893 3652 1055 3718 librarios
1083 3655 1195 3720 rarior
1223 3657 1398 3743 particule
1416 3660 1625 3750 significatio
1644 3659 1797 3748 fugisse,

394 3781 470 3842 quae
491 3763 583 3846 apud
603 3759 752 3827 comicos
771 3761 918 3829 maxime
937 3761 1105 3827 celebrata
1125 3773 1185 3834 est.
1216 3766 1274 3831 Est
1292 3766 1387 3832 enim
1406 3767 1666 3853 indignantium
1687 3776 1721 3831 et
1740 3764 1796 3829 in-

395 3866 617 3962 crepantium.
631 3868 693 3942 cir.
701 3871 777 3935 Ter.
785 3871 870 3932 Eun.
880 3873 909 3932 ⁵.
920 3891 950 3951 7,
963 3871 1010 3933 16.
1021 3869 1129 3952 ,quid
1140 3869 1256 3936 dixisti
1264 3872 1434 3957 pessime?
1445 3872 1548 3938 etiam
1562 3872 1654 3938 rides
1664 3871 1699 3938 i’'
1719 3873 1795 3935 Mo·

394 3967 483 4034 stell.
498 3983 526 4044 4.
545 3985 570 4035 2.
589 3973 638 4034 ad.
661 3974 728 4038 Cic.
750 3973 924 4070 in'Pison.
948 3995 977 4045 1.
1002 3970 1133 4042 ismilti
1152 3971 1261 4041 etiam
1270 3972 1697 4067 gloriabitur-sortes.
1717 3995 1796 4042 ver-

392 4083 493 4142 tatur.
516 4073 611 4143 Eich.
636 4085 833 4144 convertat.
855 4081 930 4146 Vat.
955 4099 985 4142 e.
1007 4101 1139 4160 aspera
1160 4081 1183 4144 i.
1200 4102 1228 4148 e.
1253 4085 1355 4166 durs,
1376 4079 1538 4149 difficilis.
1559 4081 1617 4148 cir.
1631 4081 1728 4146 catil.
1743 4101 1793 4156 so.

393 4203 444 4245 so.
468 4181 538 4246 Cic.
557 4199 622 4267 pro
643 4181 749 4244 Balbo
772 4203 800 4263 9,
823 4181 861 4246 in
877 4181 1054 4266 periculis
1074 4177 1110 4249 et
1129 4180 1268 4269 asperis
1289 4178 1521 4272 temporibus.
1548 4183 1648 4253 alius
1665 4182 1793 4252 alium.

394 4285 457 4364 cir,
476 4289 552 4355 Tac.
567 4287 655 4355 illst.
676 4313 702 4354 1.
718 4289 767 4354 55.
791 4277 933 4367 ,Ceteri
953 4287 1092 4356 silentio
1112 4281 1262 4376 proximi
1281 4291 1444 4376 cujusque
1460 4294 1640 4360 audaciam
1655 4309 1795 4381 exspec-
