4116 4970
267 599 669 687 gaudio‚roluptatifuit.
693 602 871 683 nomm,
883 595 946 670 ie.
959 597 1129 687 decianae,
1150 597 1591 665 omniavirtutevicta'sunt.
1609 594 1670 666 Sic

266 727 350 770 ae-
363 709 411 771 sic
422 709 529 772 hostis
540 708 686 790 quisque
705 709 781 772 Vat.
798 727 824 767 ι.
846 707 920 768 Vat.
935 727 962 766 n.
982 706 1032 769 sic
1054 707 1201 788 quisque
1222 725 1257 768 se
1277 707 1351 768 Vnt.
1368 709 1396 767 5.
1418 725 1456 767 se
1475 723 1542 766 om.
1563 703 1663 768 Bari).

268 817 336 887 Μ.
358 815 444 885 Ven.
460 835 485 874 2.
498 815 589 879 Med.
610 815 639 878 5.
658 833 687 890 9.
706 812 772 873 Sed
794 809 1011 874 retinendum
1023 795 1232 895 pronomem
1254 811 1380 874 similis
1400 818 1450 872 est
1471 808 1564 870 enim
1585 826 1668 870 con-

265 917 427 1000 structio,
447 925 485 978 ut
505 935 624 998 supra,
643 933 715 977 sese
736 916 871 975 studere
892 923 925 976 et
947 915 1014 976 Cio.
1036 916 1075 978 in
1096 919 1165 978 Cat.
1186 918 1211 982 Ι.
1230 937 1259 980 r.
1277 955 1293 988 «
1308 914 1409 997 cupio
1433 934 1487 976 me
1509 933 1580 976 esse
1601 913 1669 976 cle·

266 1020 446 1084 ment'em.'’
470 1019 527 1084 sic
541 1029 579 1082 ut
592 1022 683 1101 apud
694 1017 879 1102 Virgilium
896 1021 978 1080 Aen.
991 1035 1038 1079 ια.
1053 1021 1120 1080 280.
1140 1018 1245 1092 «hinc
1260 1019 1356 1080 densi
1370 1037 1484 1080 rursus
1497 1019 1668 1080 inundant

265 1129 372 1189 Troes
392 1125 616 1209 Agyllinique
637 1131 669 1184 et
690 1122 790 1205 pictis
810 1124 956 1186 Arcades
976 1124 1095 1200 armis3
1116 1124 1164 1186 sic
1186 1125 1299 1186 omnis
1319 1144 1416 1186 amor
1436 1143 1526 1186 unus
1545 1123 1667 1204 habet,

267 1233 448 1293 decernere
469 1227 591 1298 ferro.'⁷
611 1223 740 1290 Gloria
754 1223 953 1290 maximum
976 1237 1158 1294 certamen
1180 1224 1277 1291 inter
1293 1223 1390 1311 ipsos
1411 1237 1511 1292 erat:
1532 1229 1555 1290 i.
1574 1247 1602 1291 e.
1618 1227 1669 1288 ci·

266 1355 324 1398 ves
344 1323 420 1397 curn
443 1333 574 1396 civibus
595 1335 638 1395 de
657 1331 783 1394 virtute
805 1334 990 1396 certabant.
1019 1353 1092 1416 cap.
1110 1353 1138 1413 9.
1172 1328 1270 1395 inter
1291 1336 1388 1415 ipsos
1414 1369 1457 1384 -
1487 1329 1564 1430 exple
1584 1321 1667 1400 deal

266 1433 482 1529 nooc.serire
501 1439 524 1501 i.
542 1459 570 1501 e.
593 1437 704 1502 cresim
728 1457 786 1500 seu
808 1441 960 1520 punctim
982 1447 1179 1521 percutere,
1200 1457 1267 1500 vox
1287 1437 1442 1520 propria:
1466 1447 1547 1500 nota
1560 1439 1668 1499 Caesa-¹

268 1545 316 1616 ris
342 1565 431 1608 vox:
455 1544 591 1620 Florae·
614 1560 642 1605 2.
654 1539 739 1633 seri
757 1541 859 1604 miles
868 1537 1022 1631 sociem.
1042 1578 1085 1593 -
1100 1537 1259 1632 focinus
1269 1537 1403 1631 faeere
1426 1544 1479 1604 hae
1495 1541 1666 1620 juncturae

267 1669 338 1712 non
360 1651 471 1713 solum
504 1651 630 1714 Graecis
659 1643 899 1731 scriptoribus,
931 1651 989 1710 scd
1025 1647 1128 1711 etiarn
1158 1650 1249 1731 apud
1272 1647 1410 1710 Latinos
1434 1645 1515 1709 satis
1536 1645 1667 1708 imitatae

265 1766 353 1818 sunt.
384 1756 444 1818 cir.
466 1758 593 1818 Auctor
620 1757 663 1817 ad
684 1757 834 1817 Herenn.
851 1769 882 1829 4.
903 1773 975 1836 cap.
990 1755 1038 1816 55.
1076 1752 1135 1815 cir.
1156 1753 1364 1819 Ruddiman.
1396 1753 1510 1819 Gram.
1533 1753 1605 1816 Lat.
1623 1752 1665 1812 11.

270 1863 334 1940 ¹57·
356 1842 415 1931 Ed.
432 1862 632 1922 Stallbaum.
663 1861 721 1922 Eo
742 1856 903 1942 divitias,
923 1857 1054 1920 bonam
1066 1847 1228 1946 samam.
1248 1859 1334 1926 Ven.
1356 1879 1381 1918 ι.
1397 1875 1429 1932 4.
1447 1859 1506 1922 Εα
1523 1853 1669 1920 divilias

266 1975 301 2027 et
323 1987 364 2028 ea
387 1964 516 2028 bonam
527 1960 688 2054 samam.
708 1965 797 2025 Flor.
813 1967 840 2024 6.
861 1962 958 2047 prior
978 1963 1082 2026 lectio
1105 1965 1198 2025 haud
1220 1965 1487 2038 contemnenda;
1512 1960 1667 2041 quamiis
1719 2047 1720 2056 ἵ

265 2070 358 2133 enim
385 2069 492 2132 altera
525 2069 614 2130 ratio
642 2079 675 2130 et
703 2067 920 2147 frequentior
940 2076 973 2130 et
995 2067 1186 2148 elegantior
1206 2077 1271 2148 est,
1294 2076 1407 2126 tamen
1426 2063 1669 2147 potuitSalus-

265 2175 352 2255 tius,
382 2175 517 2234 Graecos
542 2172 723 2254 scriptores
752 2172 921 2252 imitatus,
947 2189 1139 2253 pronomen
1169 2178 1326 2232 neutrum
1348 2169 1525 2251 preferre,
1556 2187 1667 2248 neque

264 2280 354 2340 hanc
373 2277 556 2338 verborum
578 2275 863 2357 compositionem
885 2295 926 2336 eo
949 2269 1109 2355 divitias,
1145 2272 1276 2336 bonam
1298 2268 1448 2362 samam
1477 2293 1667 2360 magnam·

267 2403 336 2466 quc
354 2390 415 2444 ele.
437 2380 522 2442 citra
542 2379 747 2464 elegantiam
768 2397 838 2441 esse
860 2377 960 2440 tacite
974 2377 1159 2461 intelligas.
1184 2374 1416 2440 Liberali's-
1431 2378 1488 2439 vix
1502 2378 1572 2440 alio
1587 2379 1665 2442 loco

248 2487 453 2572 ‚genitivum
469 2483 623 2546 additum
641 2483 826 2560 invenerim
849 2481 939 2544 infra
959 2503 1029 2566 cap.
1045 2489 1094 2562 57.
1115 2477 1297 2546 Liberalis
1319 2503 1363 2545 ex
1383 2481 1566 2558 sociorum
1578 2478 1668 2573 for·

265 2588 376 2653 tunic.
408 2591 534 2651 Seneca
555 2590 597 2648 de
619 2589 715 2650 clem.
728 2589 753 2648 1.
774 2610 821 2648 ao.
844 2588 886 2648 de
906 2584 1028 2649 alieno
1051 2583 1223 2652 liberalis.
1247 2586 1309 2659 cfr,
1326 2589 1416 2649 Pers.
1430 2590 1455 2649 1.
1477 2603 1522 2662 14.
1538 2589 1666 2669 pulum

265 2691 643 2780 animaeproelorgus.
661 2695 746 2753 lust.
763 2694 820 2756 Vl.
839 2713 867 2770 7.
882 2687 1063 2772 pecuniae
1068 2711 1217 2772 porcus.
1238 2692 1326 2755 Vide
1338 2693 1500 2756 Ruddim.
1514 2693 1663 2754 Gramm.

264 2803 336 2862 Lat.
354 2801 397 2864 11.
417 2818 491 2882 pag.
511 2819 576 2864 ιιο.
598 2799 659 2868 Ed,
678 2797 796 2861 Stallb.
818 2797 909 2877 apud
929 2793 1116 2857 Salustium
1138 2805 1216 2876 apta
1236 2797 1467 2858 membrorum
1496 2797 1667 2878 composi-

266 2905 314 2966 tlo
335 2903 439 2980 hujus
466 2910 641 2963 structurae
663 2901 825 2960 duritiam
847 2898 983 2962 minuit.
1025 2899 1191 2982 Longius
1219 2897 1263 2958 ab
1286 2895 1451 2979 incepto,
1472 2919 1666 2980 pronomen·

268 3029 335 3072 nor
356 3010 450 3087 quod
471 3005 619 3088 langius
641 2991 758 3064 contra
780 3002 883 3062 Codd.
909 2999 1146 3062 auctoritatem
1167 3019 1187 3060 a
1201 3002 1318 3062 Contio
1338 3000 1485 3077 ejectum
1508 3021 1578 3065 esse
1599 3013 1666 3065 sta-

265 3113 348 3194 tuit,
389 3111 482 3170 abest
504 3109 541 3169 in
562 3107 744 3168 Basileensi
765 3105 889 3187 primo.
921 3101 1020 3164 urbis
1040 3106 1113 3165 Vat.
1130 3106 1158 3164 5.
1181 3107 1274 3184 quod
1295 3105 1417 3186 probo,
1615 3081 1620 3091 Ι

347 3267 425 3347 Cap.
441 3265 530 3327 Vlll.
552 3260 613 3326 Ex
635 3255 794 3322 lubidine
815 3278 922 3338 quom
945 3257 1043 3318 Barb.
1057 3257 1086 3326 5,
1110 3253 1224 3345 magis
1237 3257 1374 3320 omisso.
1399 3257 1577 3342 Celebral,
1601 3260 1679 3341 057

264 3379 414 3450 ecerat,
434 3368 572 3434 itaMed.
589 3369 616 3426 6.
640 3387 707 3446 qne
727 3361 890 3426 omissum
913 3372 978 3442 est,
999 3365 1042 3423 de
1062 3381 1162 3424 sensu
1185 3362 1242 3430 cir.
1275 3363 1424 3424 Ennium
1446 3383 1498 3448 ap.
1515 3365 1663 3426 lllacrob.

264 3477 386 3538 suurn
409 3473 505 3536 v1.1.
529 3475 618 3532 Med.
641 3466 759 3532 Multi
770 3463 840 3530 atii
856 3455 1066 3540 adventant,
1087 3477 1292 3549 paupertas
1313 3489 1467 3549 quorum
1490 3467 1663 3532 obseurat

267 3575 427 3644 nomina.
471 3577 559 3642 Plin.
582 3577 705 3658 Paneg.
729 3595 756 3634 c.
775 3575 823 3634 55.
844 3572 945 3636 Aras
972 3571 1081 3634 etiam
1111 3575 1316 3656 templaque
1338 3573 1534 3638 demolitur
1548 3583 1582 3635 et
1605 3573 1666 3634 od-

266 3691 393 3746 srurat
416 3677 558 3746 oblivio.
580 3715 622 3728 —
643 3675 800 3740 minores
821 3685 952 3738 tamen.
981 3677 1257 3754 conj-unctionem
1280 3678 1405 3738 delent.
1427 3680 1510 3740 Vcn.
1533 3697 1557 3734 1.
1579 3685 1611 3737 ct
1637 3699 1663 3736 a.

266 3789 354 3849 Flor.
370 3809 417 3846 aa.
442 3793 619 3865 quantum
643 3803 684 3843 ea
706 3776 833 3860 veron,
853 3799 930 3838 eum
950 3763 1143 3860 pronomen
1166 3799 1208 3840 eu
1223 3788 1253 3840 et
1269 3778 1306 3837 in
1321 3781 1410 3840 Med.
1434 3802 1457 3838 ι.
1472 3789 1504 3840 et
1518 3779 1555 3842 in
1574 3781 1664 3842 Flor.

271 3915 296 3954 ι.
317 3889 405 3952 desit
428 3899 529 3968 atque
551 3889 588 3949 in
609 3884 687 3946 aliis
707 3884 819 3944 locum
843 3891 982 3962 mutet,
1010 3881 1126 3943 Cortio
1154 3872 1336 3966 assentior,
1368 3883 1428 3964 qui
1450 3883 1663 3968 id‚spurium

266 3994 395 4056 habuit
428 3990 637 4078 negotiosus
659 3989 680 4050 i.
703 4008 732 4050 e.
759 3987 796 4049 in
825 3985 1002 4070 republica
1027 3987 1301 4060 administranda
1333 3997 1523 4070 occupatus.
1563 3995 1663 4073 Apud
1711 3999 1728 4036 θ

268 4107 396 4160 ceteros
415 4097 594 4178 scriptores
608 4097 672 4156 hac
682 4091 932 4176 significatione
948 4111 1018 4154 non
1030 4091 1193 4168 occurrit3
1216 4093 1323 4152 Plaut.
1337 4093 1438 4158 Mero.
1457 4115 1482 4152 1.
1502 4115 1529 4158 2.
1541 4114 1589 4172 79.
1604 4115 1663 4154 ne·

266 4194 700 4290 goliosieramusnostris
713 4193 930 4286 negotiis·
950 4191 1140 4288 benefacto
1154 4196 1322 4284 clnsupra
1333 4192 1663 4286 e.11.tx.-jusbo-
1704 4263 1708 4270 ,
