4108 4976
1532 381 1747 476 '265‘

273 609 461 660 vacaneum
486 593 586 656 duco.
606 607 714 678 genus
733 589 901 656 orationis
921 587 1028 675 forte,
1053 589 1238 655 vehemens
1257 594 1292 654 et
1310 587 1501 656 incitatum.
1527 593 1573 656 Ut
1584 590 1678 658 euim

265 698 490 765 audientium
515 696 625 762 animi
651 705 869 781 moveantur,
899 696 1014 781 ipsum
1034 705 1205 762 oratorem
1226 703 1259 760 et
1278 695 1397 759 auimo
1419 698 1679 764 commotionem
1755 735 1757 740 ,

274 813 378 886 atque
396 803 565 868 seriorem
585 821 657 866 esse
676 810 821 887 oportet.
862 803 977 886 Quare
995 822 1068 866 non
1086 812 1156 866 tam
1169 803 1258 886 eptis
1274 801 1458 866 verborum
1480 801 1633 866 numeris
1646 811 1680 867 et

273 909 443 974 orationis
466 907 693 973 concinnitati
713 908 846 991 studet,
865 925 969 988 quem
984 907 1022 971 id
1042 908 1127 992 agit,
1155 917 1194 970 ut
1210 905 1319 969 enimi
1336 910 1495 972 ardorem
1512 908 1680 976 sermonis

272 1016 438 1103 gravitate
455 1012 604 1100 effingat.
642 1013 835 1097 Abruptum
845 1011 954 1098 igitur
971 1013 1140 1078 sermonis
1159 1031 1282 1098 genus,
1302 1015 1397 1094 quod
1412 1013 1561 1078 Salustio
1575 1034 1680 1099 prop·

272 1123 367 1186 rium
395 1141 467 1186 esse
487 1118 724 1206 Quintilianus
744 1116 930 1203 judicavit,
956 1119 995 1196 Ιἰιι
1018 1121 1086 1182 hac
1107 1117 1265 1182 oratioue
1283 1117 1455 1202 imprimis
1484 1130 1679 1204 expressum

272 1235 332 1294 est.
378 1229 431 1290 Ita
451 1228 545 1291 enim
566 1233 600 1290 et
619 1222 755 1311 ingenii
777 1223 920 1289 libertas
940 1232 974 1288 et
996 1222 1190 1290 nobilitatis
1217 1221 1354 1307 odium,
1381 1243 1450 1305 quo
1469 1205 1679 1289 ‘Memmium
1728 1307 1731 1315 .

272 1333 428 1418 tlsgrasse
448 1339 568 1396 auctor
595 1337 699 1413 tupra
722 1329 941 1414 memoravit,
968 1327 1242 1393 luculentissime
1259 1347 1332 1393 sese
1353 1327 1513 1394 ostendit.
1564 1331 1680 1412 Quare
1717 1321 1720 1328 ’

271 1437 303 1503 si
326 1437 403 1520 quis
426 1445 492 1522 est,
523 1435 586 1518 qui
612 1434 703 1499 banc
730 1435 924 1500 orationem
947 1453 1103 1519 asperam
1132 1440 1166 1497 et
1194 1432 1387 1516 horridam,
1418 1429 1585 1496 incultam
1611 1433 1679 1497 mi-

271 1562 407 1624 nusque
424 1543 621 1606 conclusam
641 1540 750 1625 dieat,
771 1539 904 1606 tantuin
924 1541 1035 1625 abest,
1054 1547 1094 1603 ut
1113 1537 1263 1602 auctoris
1283 1539 1405 1602 laudes
1422 1537 1620 1622 imminuat,
1640 1543 1679 1602 ut

270 1648 387 1731 potius
407 1647 606 1728 ejusartem
626 1647 861 1732 aperiat„qua
882 1644 1192 1710 diversissimorum
1213 1642 1398 1707 bominum
1416 1651 1556 1709 naturas
1575 1653 1680 1728 etque

270 1751 415 1838 ingenia
432 1751 648 1818 orationibus
667 1752 848 1836 depinget3
867 1751 917 1813 ita
937 1751 1101 1814 dicuntur
1120 1749 1238 1811 omnia
1257 1769 1335 1811 cum
1356 1747 1418 1831 rei,
1439 1755 1512 1810 tum
1524 1769 1678 1832 personae
1773 1779 1775 1784 ·

271 1861 500 1922 accomodata.
539 1856 655 1921 Plebis
680 1855 843 1919 inertiam
871 1853 996 1917 ecriter
1022 1853 1173 1937 incursat,
1205 1853 1327 1918 dolore
1355 1863 1500 1943 acceptae
1527 1853 1677 1934 injuriae

271 1981 391 2026 eorum
412 1962 545 2026 animos
564 1960 704 2047 pungit,
725 1959 919 2024 nobilitatis
939 1958 1118 2024 avaritiam
1132 1965 1165 2023 et
1177 1958 1354 2023 saevitiam
1369 1958 1579 2044 gravissimis
1599 1979 1677 2024 veur-

270 2066 326 2130 bis
346 2066 510 2151 illustrat,
531 2086 719 2148 eorumque
737 2065 865 2130 scelera
883 2063 1092 2128 vindicanda
1112 2081 1184 2126 esse
1205 2065 1314 2126 docet.
1381 2064 1449 2125 Sed
1465 2077 1542 2124 cum
1564 2064 1677 2147 plebis

271 2172 396 2256 animi,
417 2171 542 2236 timore
561 2170 726 2256 perculsi,
746 2190 774 2233 a'
786 2168 957 2236 seditione
976 2169 1220 2251 abhorrerent,
1240 2187 1312 2231 non
1333 2166 1511 2231 turbarum
1528 2177 1578 2232 est
1597 2167 1695 2235 auc?
1784 2165 1786 2168 ’

269 2285 345 2359 tor,
363 2279 422 2341 sed
444 2286 483 2340 ut
501 2276 656 2361 populus
665 2277 723 2355 jus
743 2294 844 2342 suum
863 2284 1100 2360 persequatur,
1131 2274 1169 2337 id
1187 2257 1307 2338 suadet
1324 2272 1476 2356 ipsisque
1491 2281 1593 2357 atque
1607 2275 1675 2342 rei-

269 2380 419 2466 publice
438 2381 661 2446 utilissimum
682 2401 754 2446 esse
771 2381 985 2465 comprobat.
1026 2383 1103 2444 Non
1124 2388 1239 2444 autem
1263 2381 1307 2443 de
1330 2378 1477 2464 singulis
1496 2380 1675 2446 sententiis

269 2485 455 2570 separatim
468 2486 636 2572 disputat,
656 2483 831 2552 eedmodo
844 2487 935 2569 baec,
953 2486 1060 2548 modo
1070 2484 1135 2548 illa
1146 2483 1313 2568 illustrat,
1331 2482 1382 2547 ite
1395 2492 1433 2546 ιιι
1444 2485 1565 2548 dolore
1575 2493 1609 2548 et
1621 2484 1675 2549 ira
1776 2509 1784 2558 q

269 2591 406 2656 animus
435 2592 566 2679 abripi,
597 2600 631 2659 et
654 2591 763 2683 magis
788 2590 914 2658 meotis
932 2591 1084 2678 quodam
1110 2587 1241 2680 impetu
1262 2607 1366 2675 quam
1397 2588 1605 2678 cogitatione
1622 2589 1678 2654 uti

141 2737 148 2742 -
269 2697 490 2766 videntur.-

331 2806 411 2887 cap.
431 2807 565 2869 xxxn.
587 2829 748 2894 eumque,
769 2811 864 2892 quoe
885 2810 924 2874 in
945 2803 1080 2874 auduus
1093 2789 1312 2872 coronmes
1333 2806 1498 2870 omissum
1511 2812 1576 2890 eet,
1606 2808 1676 2870 ua·

268 2907 330 2974 lici
350 2915 504 2988 tuentur3
524 2911 617 2974 solus
632 2915 724 2976 Med.
740 2935 788 2975 ιι.
810 2937 879 2996 que
897 2915 1035 2978 omittit.
1056 2912 1116 2978 se'd
1133 2914 1190 2976 vel
1202 2915 1270 2975 boc
1289 2910 1378 2974 mibi
1397 2910 1516 2974 durius
1528 2910 1675 2995 videtur,

269 3015 398 3080 nedum
418 3013 531 3098 ipsum
550 3023 744 3099 pronomen
762 3019 806 3080 ab
825 3027 964 3082 auctore
980 3019 1144 3082 omissum
1164 3036 1235 3084 esse
1254 3015 1442 3081 statuerim.
1480 3011 1676 3098 interposi-

271 3125 312 3182 ta
333 3118 358 3186 i.
379 3138 408 3184 c.
429 3121 523 3205 data,
543 3139 604 3184 seu
619 3120 740 3202 eliqua
755 3140 794 3186 re
814 3122 882 3186 fide
897 3122 1040 3206 publica
1058 3121 1271 3200 confirmeta3
1291 3122 1351 3184 sed
1365 3118 1586 3197 majorvisiu
1598 3137 1676 3185 rer-
1702 3173 1705 3178 .

268 3223 316 3287 bo
333 3223 438 3308 inest,
464 3245 535 3306 quo
555 3233 675 3292 auctor
690 3245 772 3290 usus
791 3235 851 3295 est.
891 3227 1040 3312 Scauri,
1068 3222 1305 3309 reliquorum.
1328 3225 1422 3287 idem
1444 3223 1553 3289 Cortii
1573 3225 1675 3309 liber,

268 3328 308 3391 in
325 3349 397 3411 quo
421 3347 524 3414 supra
541 3351 640 3415 pron.
670 3330 835 3396 omissum
849 3331 972 3396 fuerat.
999 3334 1093 3414 quod
1121 3331 1184 3415 qui
1201 3330 1290 3395 ferre
1308 3340 1435 3415 potest,
1463 3350 1541 3394 eum
1559 3331 1675 3398 Latini

267 3434 437 3500 sermonis
453 3435 614 3521 ignarum
634 3435 792 3501 dixerim.
821 3434 1056 3520 imperatoris
1074 3433 1144 3501 aui.
1163 3455 1354 3520 pronomen
1373 3435 1535 3499 hocloco
1555 3456 1675 3502 omnes

266 3539 352 3604 libri
366 3539 531 3619 retinent,
551 3561 664 3623 neque
683 3541 721 3606 id
741 3542 919 3606 abundare
941 3541 1085 3625 dixeris,
1111 3541 1267 3622 quemvis
1287 3542 1359 3622 ejus
1378 3541 1452 3607 vim
1470 3542 1580 3628 magis
1596 3563 1676 3609 sen-

267 3662 310 3709 su
325 3646 524 3731 percipere,-
537 3666 640 3740 quam
659 3647 776 3712 verbis
794 3646 967 3711 illustrare
988 3645 1108 3730 possis.
1125 3644 1291 3728 plurima
1313 3656 1349 3710 et
1357 3644 1486 3737 fingit.
1506 3651 1633 3714 ethn.
1647 3671 1672 3716 ι.

268 3758 352 3814 eta.
372 3771 551 3836 perperam
573 3753 751 3831 omittunt3
775 3743 853 3831 jam
869 3771 973 3836 supra
991 3753 1086 3816 enim
1111 3753 1155 3814 de
1179 3753 1248 3816 hoc
1270 3771 1335 3813 usu
1358 3752 1526 3834 loquendi
1544 3771 1674 3816 memo-

267 3863 382 3918 retum
400 3865 458 3956 est.
473 3852 638 3949 *suere
658 3855 782 3940 qui-
802 3859 1053 3922 traderent-
1071 3855 1217 3921 vendere
1237 3856 1406 3944 agebant.
1436 3859 1509 3921 baec
1528 3857 1675 3924 varietas
1732 3887 1734 3894 ⁴

268 3961 533 4027 constructionis
541 3962 689 4028 Selustio
704 3963 941 4040 usitatissime3
961 3961 1119 4042 quamue
1134 3960 1243 4046 igitur
1265 3980 1384 4024 omnes
1403 3961 1474 4026 fere
1496 3963 1581 4027 libri
1596 3984 1675 4028 ven·

269 4065 395 4129 dorent
406 4067 546 4150 habent,
565 4069 839 4135 tamen-vendere
857 4057 973 4130 veiam
986 4067 1172 4132 lectionem
1183 4065 1390 4146 essejudico.
1410 4077 1488 4152 post
1498 4066 1568 4133 alii
1579 4069 1673 4132 enim

268 4169 505 4247 conjunctivus
524 4172 641 4236 locum
661 4175 789 4239 habere
812 4192 884 4236 non
903 4178 1025 4256 potest.
1051 4168 1164 4236 veluti
1184 4174 1294 4242 tabes.
1329 4170 1388 4238 cfr.
1412 4181 1479 4236 cat.
1503 4195 1529 4234 c.
1551 4175 1606 4252 ³63
1639 4182 1673 4239 et

266 4292 535 4363 suprecup.14.
560 4285 710 4344 ceterum
736 4276 1032 4366 prepositionem,
1062 4277 1266 4344 auctoritate
1296 4278 1480 4360 meliorum
1500 4278 1672 4346 librorum

1208 4409 1256 4484 29
