4106 4974
1584 435 1659 513 209
1725 505 1730 518 .

255 607 491 695 intelligatur,
503 607 588 691 quid
609 604 741 690 dicant,
760 601 1014 669 unamdicendi
1032 603 1172 668 laudem
1190 606 1313 689 putant
1333 620 1404 670 esse
1414 605 1658 680 lireritatem.»

255 718 313 780 Est
331 715 471 799 quidem
491 714 597 780 etiam
617 713 710 798 apud
719 709 906 775 Salustium
926 717 1056 774 certum
1077 711 1252 793 quoddam
1263 710 1440 776 brevitatis
1454 733 1578 799 genus,
1597 721 1658 782 sed

255 823 344 906 tale,
372 821 474 904 quale
503 820 543 885 in
570 817 776 905 Thucydide
803 815 919 880 Cicero
940 813 1068 880 laudat.
1104 815 1274 880 Salustius
1300 815 1396 880 enim
1420 819 1513 882 haud
1542 821 1658 889 minus

256 945 362 1010 quam
380 925 602 1010 ‘Illudydides
627 922 699 998 ,ita
718 920 837 987 creber
857 928 907 984 est
925 939 1040 984 rerum
1059 917 1271 1005 frequentia,
1286 929 1325 984 ut
1344 922 1528 988 verborum
1547 948 1656 1012 prope

254 1073 270 1108 .
295 1050 478 1098 numerum
497 1029 744 1096 sententiarum
763 1043 908 1090 numero
934 1035 1183 1110 consequatur,
1212 1025 1261 1090 ita
1286 1045 1391 1112 porro
1414 1029 1530 1094 verbis
1559 1039 1658 1116 aptus

253 1177 271 1214 a
296 1147 330 1203 et
336 1155 486 1221 pressus,
505 1133 691 1218 utnescias,
710 1140 827 1197 utrum
837 1151 892 1197 res
904 1131 1079 1217 oratione,
1098 1153 1144 1196 an
1159 1131 1265 1197 rerba
1280 1132 1459 1199 sententiis
1480 1135 1658 1204 illustren-

253 1284 271 1321 ,
297 1243 382 1308 tur.’'
403 1245 571 1308 Preterea
591 1237 759 1306 orationis
780 1238 834 1304 ris
854 1243 956 1322 atq'ue
977 1237 1114 1333 ivapyu'a
1140 1257 1181 1302 eo
1203 1236 1351 1303 maxime
1371 1249 1530 1328 augetur,
1552 1247 1658 1329 quod,

258 1349 453 1414 minoribus
472 1332 702 1414 etlevioritius
722 1345 825 1411 rebus
835 1345 907 1409 lere
918 1342 1093 1430 neglectis,
1112 1341 1151 1407 in
1162 1344 1296 1430 magnis
1305 1351 1339 1410 et
1357 1348 1525 1412 memoria
1542 1349 1658 1435 dignis

254 1454 468 1520 illustrandis
477 1453 667 1539 plurimum
678 1459 841 1518 versatur.
862 1453 1162 1537 Quemadmodum
1175 1451 1270 1514 e'nim
1281 1451 1659 1538 inpieturis,ubimul-

254 1567 288 1624 ta
302 1559 419 1624 abdita
440 1567 562 1624 suntet
574 1565 696 1644 opaca,
723 1557 998 1642 ceteralaetiora,
1020 1556 1188 1620 nitidiora
1202 1567 1236 1622 et
1246 1558 1355 1642 magis
1376 1560 1575 1625 collustrata
1587 1581 1658 1627 esse

253 1666 430 1743 ridentum
450 1665 499 1729 ita
508 1665 547 1729 id
558 1664 638 1729 stili
651 1683 759 1752 genus
775 1663 928 1751 legentes
945 1653 1237 1747 'maximemoi'ess
1256 1664 1329 1748 ubi,
1340 1669 1417 1728 eum
1428 1675 1539 1731 cetera
1549 1688 1658 1754 angu-

252 1770 338 1836 etius
358 1779 393 1835 et
411 1771 549 1835 brevius
566 1769 737 1854 disputata
746 1768 832 1852 sint,
852 1769 890 1832 in
908 1769 1253 1832 rebusnobilioribus
1267 1769 1498 1856 oratiomagis
1510 1771 1659 1860 insurgit

250 1881 287 1942 'et
302 1875 487 1959 intentior,
506 1875 645 1960 gravior
665 1883 699 1938 et
719 1872 896 1939 incitatior
908 1873 955 1937 fit.
978 1874 1090 1958 Quam
1111 1873 1156 1936 ob
1178 1893 1252 1936 rem
1274 1873 1397 1958 saepius
1411 1877 1460 1940 ab
1483 1896 1543 1961 eo,
1563 1881 1660 1960 quod
1747 1869 1750 1876 ’

251 1981 449 2068 proposuit,
469 1979 627 2066 longius,
645 1999 749 2062 quam
767 1987 931 2064 parerat,
952 1977 1154 2065 digreditur.
1176 1981 1258 2043 Haec
1278 1988 1328 2044 est
1348 1979 1437 2043 ratio
1456 1982 1659 2064 disputatio-

251 2085 308 2150 nis
328 2089 371 2152 de
392 2083 548 2149 moribus
567 2083 754 2164 majorum,
774 2092 808 2149 et
827 2083 902 2166 ipsa
921 2083 1097 2167 praefatio,
1118 2082 1276 2164 quamvis
1295 2084 1366 2156 ulio
1387 2083 1534 2150 consilio
1549 2087 1659 2173 scrip-

252 2200 302 2274 ta,
323 2191 354 2254 si
373 2191 481 2274 ipsius
500 2187 695 2276 argumenti
715 2189 888 2275 angustias
907 2195 1053 2271 spectas,
1074 2186 1189 2251 alieno
1204 2187 1282 2252 loeo
1303 2189 1416 2272 posita
1429 2191 1657 2263 esseridetur.

251 2295 364 2360 Etiam
384 2297 427 2359 de
439 2295 641 2379 Sempronia
661 2294 760 2378 plura
786 2312 891 2377 quam
909 2312 974 2377 pro
996 2293 1047 2356 rei
1068 2291 1236 2378 dignitate
1256 2294 1453 2361 dictasunt.
1470 2299 1659 2366 Sedineo·

252 2421 331 2464 rum
361 2401 515 2466 moribus
546 2399 785 2486 illustrandis,
817 2398 880 2483 qui
908 2397 1044 2486 ingenii
1069 2397 1203 2464 viribus
1235 2402 1431 2490 excellunt,
1461 2407 1556 2470 haud
1586 2427 1658 2494 uno

250 2505 330 2574 loco
363 2509 506 2572 modum
537 2506 729 2572 excessisse¹
745 2506 892 2570 videtur.
935 2507 1032 2569 Idem
1064 2505 1104 2568 in
1133 2525 1232 2570 eausa
1262 2507 1372 2574 fuisse
1397 2511 1558 2598 videtur,
1598 2535 1659 2578 cur

249 2611 426 2700 longiores
445 2611 619 2677 orationes
638 2612 792 2676 historiis
813 2612 991 2676 intexeret.
1022 2612 1249 2678 Orationibus
1269 2615 1364 2680 enim
1383 2637 1497 2683 mores
1514 2629 1547 2684 et
1561 2619 1661 2709 iuge-

251 2717 312 2781 nia
321 2718 505 2782 hominum
514 2719 624 2783 multo
634 2717 1149 2804 significantiuserprimuntur,
1171 2741 1360 2804 quamcum
1381 2745 1434 2789 res
1444 2727 1488 2788 ab
1499 2725 1543 2790 iis
1557 2737 1658 2812 gestae

250 2822 478 2888 illustrantur.
496 2825 563 2888 Sed
583 2823 827 2906 quamvisjam
848 2843 870 2886 a
887 2825 991 2902 Trojo
1014 2826 1178 2909 Pompcjo
1199 2830 1266 2889 hoc
1278 2829 1426 2892 Salustio
1439 2830 1526 2894 vitio
1540 2835 1659 2896 datum

250 2937 317 3012 est,
338 2937 453 2994 tamen
474 2927 588 2992 nescio
609 2948 654 2990 an
675 2936 798 3009 praeter
817 2927 1057 3010 Thucydidem
1082 2931 1148 2990 hac
1177 2929 1215 2992 in
1247 2951 1284 2994 re
1305 2933 1399 2995 ullus
1420 2934 1567 3016 scriptor
1586 2937 1661 3014 ejus
1763 3005 1765 3011 ,

248 3035 389 3099 laudem
402 3033 598 3114 aequaverit.
619 3031 716 3096 Nihil
728 3032 821 3096 enim
836 3031 953 3094 fictum
965 3041 1025 3111 est,
1048 3035 1142 3112 quod
1164 3045 1223 3096 aut
1243 3038 1529 3124 aprobabilitate,
1542 3049 1600 3103 aut
1612 3043 1656 3104 ab

249 3139 371 3204 indole
392 3138 581 3202 dicentium
603 3138 795 3200 abhorreat.
833 3136 927 3221 Quin
950 3144 1043 3198 tanta
1063 3159 1141 3200 cum
1161 3139 1302 3203 solertia
1321 3149 1480 3204 naturam
1502 3155 1535 3208 et
1555 3145 1659 3212 indo·

249 3247 320 3312 lem
330 3245 503 3327 Catilina,
523 3242 662 3307 Caesaris
682 3251 785 3322 atque
806 3241 944 3306 Catonis
967 3243 1124 3308 oratione
1146 3240 1293 3328 effinxit,
1319 3257 1358 3308 ut
1379 3245 1480 3313 facile
1501 3251 1659 3318 Catilinae

248 3350 416 3414 furiosam
437 3348 683 3431 temeritatem,
703 3347 839 3410 Catonis
859 3346 1061 3433 gravitatem
1082 3356 1185 3430 atque
1205 3352 1435 3420 constantiam
1450 3340 1659 3440 Caesarisque

249 3455 505 3520 fraudulentam
533 3452 832 3524 mansuetudinem
860 3473 901 3517 ex
928 3452 1012 3537 ipsis
1040 3455 1155 3518 verbis
1185 3477 1377 3542 cognoscas.
1414 3449 1523 3543 ‘Quod
1551 3463 1659 3549 igitur

250 3565 341 3650 apud
362 3559 500 3626 Livium
520 3567 611 3623 reete
632 3559 912 3642 reprehenditur,
941 3559 1071 3645 quippe
1092 3559 1153 3643 qui
1176 3563 1424 3646 antiquissimis
1445 3570 1659 3652 temporibus

250 3669 408 3733 eonsules
428 3676 462 3730 et
481 3673 654 3730 senatores
680 3664 861 3747 loquentes
892 3665 1045 3752 induxit,
1079 3675 1272 3753 temporum
1299 3671 1457 3735 ordinem
1486 3675 1657 3761 neglexit,

251 3785 284 3840 et
303 3773 494 3858 priscorum
514 3769 698 3834 hominurn
717 3769 973 3853 simplicitatem
995 3771 1073 3834 suco
1095 3774 1268 3837 rhetorico
1289 3794 1358 3838 suae
1372 3775 1478 3838 aetatis
1492 3779 1658 3868 corrupit,

249 3881 323 3945 haec
344 3898 365 3941 a
383 3875 524 3941 Salustii
544 3875 701 3939 oratione
721 3863 801 3936 sunt
821 3874 1041 3938 alienissima.
1062 3876 1217 3940 Primum
1242 3877 1335 3941 enim
1361 3880 1534 3946 orationes
1549 3884 1592 3947 ab
1601 3886 1656 3952 his

250 3984 468 4068 homiuibus,
488 4002 508 4044 a
528 3981 654 4062 quibus
673 3979 779 4064 dicit,
796 3989 829 4042 et
850 3981 893 4042 de
913 3978 1038 4043 iisdem
1058 3982 1159 4045 rebus
1180 3982 1402 4062 habitasesse,
1424 3988 1574 4052 dubitari
1583 4011 1656 4057 non

249 4099 371 4176 potest.
382 4087 618 4170 Acceditquod
624 4085 766 4148 illorum
773 4092 966 4168 temporum
974 4086 1098 4166 aequali
1105 4085 1205 4150 facile
1217 4108 1421 4173 cognoscere
1428 4092 1538 4175 licuit,
1552 4115 1655 4175 quam

249 4200 288 4263 iu
297 4192 502 4264 sententiam
509 4192 654 4276 quisque
662 4189 857 4272 locutussit.
870 4194 900 4254 N
902 4210 988 4274 eque
996 4191 1035 4255 in
1043 4191 1184 4258 Salustii
1193 4196 1339 4261 consilio
1346 4199 1549 4283 explicando
1555 4202 1654 4266 omit·

1199 4326 1246 4374 Μ
