4116 4970
391 431 441 524 48

390 622 593 706 vulnerare,
612 639 645 683 v.
660 638 688 682 c.
710 617 848 701 dolore,
869 615 1063 702 suspicione
1086 624 1148 682 etc.
1169 617 1229 682 cir.
1242 618 1361 682 Horat.
1382 619 1447 683 Od.
1464 621 1490 684 1.
1501 641 1531 702 7.
1556 639 1614 684 ro:
1634 639 1796 707 ..campus

391 725 533 791 larissae
550 725 675 810 opimae
687 742 742 788 me
754 723 955 808 percussit”,
977 724 1045 786 Cic.
1065 724 1162 788 Tusc.
1176 725 1204 787 5.
1223 745 1270 790 rr.
1290 727 1542 807 ..quodcunque
1562 733 1696 788 nostros
1716 725 1794 788 ani-

385 850 460 896 mos
469 828 714 914 probabilitate
723 827 909 913 percussit’'
928 829 1158 912 AcadQuaest.
1167 830 1194 892 1.
1206 831 1236 892 3.
1252 828 1418 902 ..fortunae
1428 829 1794 914 vulnerepercussus”;

391 936 484 1020 apud
504 925 693 997 stlttattc.
716 935 746 1003 5,
769 933 839 1011 587.
858 951 1032 1019 ..praesago
1051 952 1229 1018 percussus
1249 942 1387 1020 pectora
1398 933 1494 996 luctu
1505 931 1536 1009 ”,
1548 933 1623 998 Val.
1634 934 1741 996 Flacc.
1757 955 1795 1018 7,

392 1044 463 1122 475.
476 1047 648 1115 «extremo
665 1056 837 1123 percussa3
851 1035 989 1121 dolore,
999 1055 1127 1122 amore,
1136 1037 1330 1102 calamitate
1339 1047 1400 1102 etc.
1408 1057 1586 1122 percussus
1594 1037 1726 1122 saepius,
1736 1039 1796 1101 sed

392 1141 751 1228 metupercursuarix
760 1142 851 1226 apud
860 1141 1098 1207 ullumsolutae
1107 1141 1796 1228 orationisscriptoreminvenerisvirgi-

391 1249 461 1314 lius
475 1249 615 1332 quidem
631 1247 784 1331 Georgq.
794 1249 865 1326 357.
880 1265 1059 1330 ..percussa
1072 1265 1161 1310 nova
1185 1257 1335 1312 mentem
1351 1246 1540 1312 formidine
1563 1245 1715 1330 mater’',
1735 1247 1795 1310 sod

383 1355 576 1419 Salustiana
600 1351 713 1416 oratio
733 1371 754 1413 a
772 1349 920 1436 virgilie
932 1369 977 1412 na
1001 1348 1105 1435 plane
1126 1350 1298 1420 abhorret.
1338 1352 1456 1416 Falsus
1476 1361 1526 1416 est
1546 1351 1717 1436 Largius,
1734 1349 1796 1432 qui

393 1458 564 1545 plurimos
574 1443 680 1521 Codd.
700 1456 884 1520 lectionem
899 1452 1071 1538 percurri
1088 1453 1290 1520 confirmare
1312 1456 1411 1541 dicit,
1432 1477 1513 1520 nam
1533 1465 1567 1520 et
1585 1455 1686 1542 pauci
1706 1462 1795 1539 sunt,

395 1573 430 1628 et
457 1562 671 1646 deteriores,
700 1555 836 1624 intenti
860 1578 933 1624 nou
961 1558 1056 1623 idem
1076 1562 1171 1640 quod
1197 1561 1352 1646 prompti
1371 1571 1474 1644 atque
1494 1561 1620 1646 parati,
1648 1561 1708 1624 sed
1735 1557 1796 1640 qui

395 1687 489 1732 acres
513 1665 698 1752 vigilantes
725 1674 827 1745 atque
856 1662 1041 1750 diligentes
1060 1673 1139 1728 sunt
1166 1665 1205 1728 in
1225 1684 1263 1730 re
1283 1667 1402 1748 aliqua
1420 1659 1668 1753 perpetranda,
1689 1681 1796 1746 quare

394 1771 519 1855 sepius
539 1769 758 1855 componitur
769 1789 846 1832 cum
858 1775 1037 1855 paratus,
1058 1779 1092 1835 et
1111 1772 1156 1833 ad
1172 1769 1282 1834 animi
1299 1790 1416 1834 curam
1432 1769 1652 1836 referendum
1660 1767 1719 1832 cir.
1734 1769 1797 1831 Ju-

394 1877 519 1962 gurtha
538 1874 607 1957 49.'’
628 1873 767 1958 «parati
788 1874 982 1955 intentique
993 1877 1286 1941 esseutRomanos
1300 1875 1491 1941 invadere?
1512 1871 1794 1959 Festinarepro·

393 2000 524 2067 perure,
542 1979 661 2044 sedulo
674 1997 784 2064 agere.
804 1978 961 2041 Ceterum
978 1979 1522 2066 unusquisqueintelligitquanta
1533 1979 1586 2044 vis
1596 1978 1640 2044 sit
1649 1977 1797 2043 infiniti·

394 2105 517 2150 vorum
537 2082 790 2166 historicorum,
811 2101 898 2163 quos
916 2081 1046 2147 dicunt.
1065 2086 1192 2148 Eorum
1211 2094 1285 2150 tum
1305 2086 1453 2151 maxime
1471 2088 1590 2150 locum
1612 2104 1700 2168 esse,
1719 2103 1796 2146 cum

393 2191 573 2255 incitatior
589 2197 638 2254 est
657 2187 786 2272 oratio,
806 2186 889 2251 satis
905 2196 1045 2252 constat.
1076 2191 1187 2253 Etiam
1204 2194 1272 2256 hoc
1289 2192 1368 2256 loco
1387 2191 1544 2257 celeritas
1561 2191 1793 2254 Romanorum

395 2297 654 2378 quodammodo
674 2293 748 2377 ipsa
758 2294 942 2356 verborum
953 2294 1203 2380 compositione
1220 2297 1432 2384 exprimitur.
1464 2297 1533 2360 Sed
1559 2303 1632 2358 tum
1658 2307 1796 2378 quoque

393 2399 564 2464 Infinitiri
583 2397 707 2483 saepius
727 2396 955 2483 adhibentur,
982 2419 1061 2461 cum
1078 2399 1215 2486 singula
1237 2401 1404 2465 orationis
1428 2403 1582 2466 membra
1603 2420 1675 2464 non
1699 2420 1797 2463 accu-

392 2513 468 2570 rate
486 2503 757 2588 distinguuntur,
775 2511 809 2567 et
829 2510 1032 2569 auctornou
1053 2505 1243 2589 exprimere
1257 2510 1370 2572 studet
1380 2506 1579 2592 quidprius,
1594 2505 1722 2589 etquid
1736 2523 1798 2590 po-
1900 2571 1906 2578 ,

393 2608 518 2672 sterius
539 2605 668 2669 factum
698 2606 753 2669 sit.
792 2607 1043 2690 Parenteaque
1067 2609 1091 2671 i.
1113 2630 1142 2674 e.
1165 2611 1345 2688 subjectos.
1379 2611 1440 2675 cfr.
1469 2609 1546 2697 Jug'.
1574 2631 1603 2675 c.
1629 2612 1680 2692 87.
1711 2620 1744 2674 et
1766 2613 1797 2680 3.

396 2711 461 2776 ubi
482 2711 610 2776 iterum
628 2719 772 2793 utraque
787 2731 854 2775 vox
874 2711 1065 2795 composita
1085 2721 1119 2776 et
1138 2733 1167 2777 c.
1189 2731 1258 2782 ιο2.
1280 2715 1362 2796 quia
1382 2727 1560 2800 «parentes
1580 2717 1718 2780 abunde
1736 2716 1798 2780 ha·

395 2817 555 2901 bemus”,
576 2820 667 2901 apud
687 2825 816 2882 ceteros
825 2817 1008 2901 scriptores
1024 2811 1135 2880 rarius
1149 2818 1313 2906 occurrit,
1333 2819 1455 2900 Vellej.
1477 2838 1505 2883 2.
1523 2821 1590 2885 uoti.
1604 2819 1799 2905 ..principa-

397 2931 452 2990 tus
470 2933 628 2988 constans
652 2943 693 2988 ex
711 2924 888 2988 voluntate
905 2915 1131 3007 parentium.’'
1152 2924 1213 2988 cfr.
1222 2923 1283 2988 Sil.
1301 2925 1413 2999 Italic,
1435 2941 1483 3002 14.
1505 2927 1562 3005 8⁰3
1584 2925 1623 2988 in
1637 2924 1799 2989 omnihus

393 3029 451 3095 his
470 3030 557 3095 locis
578 3041 735 3116 parentes
760 3029 886 3094 rectius
911 3028 1083 3113 subditos,
1110 3049 1214 3112 quam
1240 3041 1401 3118 cognatos
1427 3029 1672 3115 interpreteris.
1713 3034 1799 3096 Nam

392 3153 473 3195 cum
503 3153 574 3195 uno
603 3135 921 3218 locolug.c‚1oa.
959 3136 1140 3200 Parentes
1160 3133 1386 3202 hauddubie
1406 3136 1575 3216 subjectos
1606 3135 1799 3224 significet,

396 3235 505 3299 altero
527 3237 714 3298 admodum
733 3239 926 3319 probabilis
949 3238 993 3300 sit
1006 3241 1078 3302 haec
1098 3239 1314 3324 significatio.
1340 3243 1417 3328 lug.
1431 3247 1460 3304 3.
1478 3237 1798 3330 «regerepatriam

399 3339 676 3422 autporentcr''
689 3339 747 3403 vix
767 3340 972 3426 credideris,
992 3341 1070 3406 aliis
1096 3344 1182 3408 locis
1202 3347 1310 3410 alium
1330 3347 1432 3428 hujus
1450 3345 1545 3420 vocis
1571 3367 1708 3416 sensum
1728 3369 1800 3418 esse

398 3443 459 3507 dr.
474 3446 554 3507 Tac.
571 3444 694 3515 Annal.
710 3446 735 3505 Ι.
760 3447 808 3508 50.
819 3446 1030 3528 Propellere
1047 3446 1070 3509 i.
1091 3467 1119 3516 e.
1138 3471 1375 3538 propugnare3
1396 3457 1579 3541 aliquoties
1591 3455 1694 3526 etiam
1707 3459 1798 3542 apud

396 3547 535 3612 Livium
556 3555 590 3611 et
602 3548 766 3611 Caesarem
783 3549 931 3611 occurrit
953 3548 1013 3614 cfr.
1026 3554 1105 3618 Caes.
1125 3557 1160 3616 Β.
1174 3557 1209 3617 C.
1226 3578 1253 3620 r.
1269 3560 1317 3620 5⁵.
1339 3566 1374 3624 B.
1388 3563 1426 3623 G.
1446 3578 1476 3639 4.
1495 3568 1551 3632 25:
1571 3569 1706 3642 «hostes
1720 3581 1800 3650 pro-

395 3655 526 3739 pellere
546 3673 585 3718 ac
605 3652 1042 3732 submovereLir.41.1tt.:
1062 3699 1080 3733 ς
1094 3659 1287 3744 periculum
1309 3660 1388 3724 vita
1405 3662 1609 3745 propellere.
1621 3661 1641 3696 ”

462 3759 693 3825 ‘Portobont
713 3761 735 3823 i.
755 3779 782 3824 e.
806 3759 977 3848 ferebant,
999 3784 1080 3826 nam
1102 3773 1238 3850 portare
1261 3767 1402 3850 proprie
1425 3787 1501 3848 quae
1507 3767 1666 3845 jumento
1682 3767 1800 3832 ferun·

398 3869 475 3944 tur,
503 3867 663 3929 translate
696 3869 788 3951 apud
817 3878 945 3951 poetas;
971 3872 1107 3934 Terent.
1139 3870 1270 3934 Andria
1296 3889 1325 3932 2.
1356 3873 1385 3934 6.
1405 3887 1432 3932 2.
1460 3879 1504 3936 et.
1533 3889 1560 3934 2.
1580 3889 1609 3934 2.
1630 3894 1663 3935 1:
1692 3871 1800 3950 ..boni

399 3964 485 4049 quid
504 3976 625 4049 porto:
646 3971 719 4033 Hec
736 3975 764 4033 3.
775 3973 804 4034 5.
821 3973 876 4034 63:
896 3981 1018 4055 ..porto
1039 3975 1106 4038 hoc
1119 3975 1272 4060 jurgium
1286 3978 1329 4037 ad
1349 3996 1507 4056 uxorem3
1528 3977 1682 4062 aliquam
1694 3978 1801 4043 alicui

397 4078 536 4155 portare
546 4069 719 4133 fallaciam
740 4074 899 4137 Donatus
918 4077 1088 4160 explicat:
1108 4089 1247 4164 portare
1263 4080 1403 4164 proprie
1423 4091 1471 4147 est
1484 4081 1618 4165 aliquid
1635 4104 1800 4171 magnum

388 4173 470 4248 ,sire
483 4175 616 4242 bouum
633 4173 704 4244 sive
727 4175 868 4244 malum.
887 4177 947 4246 cfr.
962 4184 1135 4249 Burmann
1154 4187 1198 4248 ad
1222 4185 1358 4254 Petron.
1375 4207 1403 4252 c.
1421 4203 1487 4264 124.
1506 4207 1584 4276 pag.
1598 4191 1677 4270 592.
1699 4191 1800 4254 Unde
