4106 4974
396 419 466 476 120

265 671 268 676 ,
343 599 453 666 cic.
477 602 521 664 de
537 598 645 662 Prot.
668 594 813 662 Consi.
856 593 981 681 Atque
1001 591 1098 662 banc
1117 577 1389 665 Macedoniam
1410 581 1589 683 pacatam
1607 589 1724 680 &aaut
1743 621 1816 684 per

383 711 425 773 ιε’
455 701 673 789 it'quietam,
700 699 807 768 tenui
821 700 1012 789 praesidio
1035 712 1147 787 atque
1162 701 1301 795 eaigua
1322 725 1453 791 manu,
1473 712 1593 768 ettam
1604 703 1694 770 siue·
1704 701 1814 791 impe-

388 788 455 876 tid
463 829 533 896 par
551 809 693 904 legatas
714 828 870 875 nomiae
881 805 959 895 ipsa
977 805 1113 894 populi
1130 808 1296 875 Romani
1316 809 1520 875 tuebamur.
1542 812 1615 874 hec
1632 799 1727 881 Gort.
1812 861 1816 870 .

470 918 551 999 Cap.
572 913 694 1009 XLIII.
720 921 763 983 ut
783 909 1008 990 videbantur
1029 916 1125 998 quod
1141 913 1267 1001 optimi
1285 915 1370 981 libri
1385 920 1500 982 Nazar.
1516 923 1554 981 'et
1568 915 1734 983 Commel.
1751 921 1813 982 ba·

367 1022 480 1086 hent.
502 1021 517 1105 (
544 1001 715 1084 consentit
743 1021 827 1083 God.
848 1020 1039 1104 Rostoch.)
1065 1021 1246 1085 confirmat
1279 1005 1414 1088 coinel.
1431 1025 1515 1107 Nep.
1542 1025 1640 1086 lium.
1664 1045 1692 1088 1.
1725 1040 1812 1089 nam

388 1127 499 1211 apud
507 1145 576 1192 uos
601 1146 746 1208 revera,
775 1120 875 1188 sicut
900 1134 1007 1210 suat,
1036 1123 1255 1192 mercenarii
1248 1110 1421 1193 scribae
1440 1123 1714 1194 existimantur.
1754 1125 1814 1194 uti

388 1249 470 1296 oum
493 1227 671 1300 Catilina.
694 1251 776 1294 cum
801 1229 975 1295 omittunt.
995 1233 1081 1298 Vcn.
1100 1251 1128 1296 1.
1147 1235 1270 1302 vate
1292 1237 1322 1297 6.
1347 1233 1401 1319 (ι.
1430 1253 1553 1298 manus
1578 1241 1643 1300 sec.
1665 1235 1811 1318 quando
1841 1235 1846 1244 “

386 1337 550 1420 addidit)
570 1337 715 1408 Barb.3
732 1350 762 1411 4.
783 1337 812 1400 5.
832 1335 968 1400 Flor..1
990 1357 1072 1402 cum
1084 1333 1249 1401 exercitu
1264 1347 1334 1407 om'.
1355 1339 1447 1404 Med.
1464 1355 1494 1402 ι.
1521 1339 1601 1416 «uti
1595 1315 1783 1404 ·ὁιιίἰίιιιί
1773 1363 1811 1404 ιιι

388 1461 512 1530 agrum
536 1441 736 1506 Fesularum
756 1462 836 1506 cum
854 1441 1017 1524 venisset,
1039 1441 1115 1505 Lib.
1138 1443 1364 1508 Bononiensis
1379 1443 1551 1530 optimum
1583 1442 1745 1510 exercitu
1772 1447 1810 1509 in

396 1547 555 1633 margine
573 1567 618 1614 ιιι.
638 1567 703 1611 sec.
726 1531 872 1614 addidit.
893 1565 996 1628 quam
1012 1546 1124 1610 cortu
1135 1547 1383 1631 conjecturam,
1405 1569 1561 1634 quamvis
1572 1552 1812 1640 acutissimam,

395 1652 514 1718 inritis
534 1651 644 1717 libris
658 1650 812 1737 recipere
830 1651 948 1736 nolui,
968 1671 1045 1716 eam
1066 1650 1105 1715 in
1125 1661 1177 1716 tot
1196 1653 1368 1718 librorum
1389 1675 1555 1732 consensu
1573 1655 1726 1740 recipere
1739 1675 1813 1720 ιιοιι

394 1759 531 1843 dubito,
562 1767 597 1824 et
609 1775 761 1844 ingenue
784 1755 962 1842 profiteor,
994 1757 1118 1844 sapius
1145 1758 1246 1822 illum
1279 1759 1394 1823 virum
1419 1761 1653 1826 doctissimum
1678 1759 1835 1836 acutius

303 1857 305 1864 ‘
343 1943 346 1950 Ι
396 1864 523 1930 vidisse
544 1864 620 1928 sine
635 1864 751 1947 libris,
774 1883 878 1946 quam
898 1863 985 1928 alios
1001 1863 1213 1948 optimorum
1231 1864 1403 1930 librorum
1422 1857 1523 1953 copia
1547 1867 1740 1931 instructos.
1768 1866 1812 1932 L.

395 1966 531 2034 Bestia.
550 1969 631 2033 vide
649 1987 752 2054 supra
773 1987 845 2053 cap.
864 1989 912 2050 17.
932 1969 1028 2049 cujus
1044 1970 1164 2035 Cicero
1183 1969 1306 2055 sepius
1323 1973 1535 2036 mentionem
1558 1971 1641 2037 iecit
1677 1969 1812 2054 Bestia,

394 2075 483 2141 alius
500 2095 573 2142 esse
590 2073 737 2140 videtur.
762 2073 840 2138 '·oir.
863 2073 953 2140 Phil.
973 2080 1022 2141 13.
1045 2096 1092 2139 ιι.
1125 2077 1206 2140 Coel.
1224 2093 1272 2138 ιι.
1303 2081 1364 2165 Ep.
1384 2081 1425 2164 Ω.
1442 2079 1495 2141 Fr.
1518 2093 1546 2140 a.
1562 2082 1592 2146 5.
1614 2077 1704 2141 Phil.
1718 2093 1765 2140 ιι.
1780 2079 1812 2140 8.

398 2205 445 2245 ιι.
462 2167 502 2246 5.
533 2179 751 2247 actionibus.
773 2179 925 2245 actiones
941 2179 1204 2269 magistratuum
1220 2183 1384 2248 dicuntur
1401 2201 1520 2248 omnes
1550 2199 1604 2248 res
1630 2184 1673 2246 ab
1695 2181 1739 2246 iis
1755 2199 1814 2268 ge·

396 2295 473 2371 stae,
495 2307 571 2371 quae
595 2290 640 2350 ad
660 2307 732 2352 rem
753 2287 929 2371 publicam
949 2287 1135 2373 pertinent,
1158 2287 1218 2352 cfr.
1239 2287 1312 2353 Liv.
1330 2290 1359 2361 5.
1381 2309 1429 2352 ιι.
1445 2295 1479 2353 et
1495 2303 1544 2365 ιι.
1566 2285 1705 2372 optima
1727 2306 1812 2353 con·

393 2393 474 2458 suli.
496 2393 557 2476 qui
575 2411 617 2458 ex
633 2392 702 2457 Cic.
723 2393 782 2478 Ep.
805 2395 849 2456 ad
869 2394 938 2478 Ast,
957 2409 1004 2456 ιι.
1026 2410 1075 2457 ιι.
1109 2393 1200 2470 «hic
1223 2401 1338 2459 autem
1362 2413 1398 2458 se
1420 2393 1523 2456 etiam
1545 2392 1697 2480 tribuere
1723 2391 1813 2456 mul-

395 2483 470 2564 tum
491 2499 579 2564 mihi
596 2507 711 2586 putat,
734 2503 829 2582 quod
850 2499 1025 2583 scripserit
1044 2499 1215 2585 optimum
1240 2499 1426 2569 consulem.
1447 2499 1527 2583 quis
1551 2497 1647 2562 enim
1659 2497 1813 2577 jejunius

397 2604 485 2668 dixit
498 2604 699 2668 ·inimicus.”
720 2603 758 2666 id
781 2601 915 2668 efficere
934 2623 1034 2687 posse
1054 2604 1122 2667 sihi
1145 2605 1328 2684 videntur3
1356 2625 1479 2690 parurn
1497 2605 1675 2672 ciceronis
1692 2605 1814 2667 laudes

395 2710 451 2776 bis
470 2710 583 2775 verbis
607 2709 792 2802 celebrari,
814 2715 847 2772 et
870 2707 953 2770 inde
974 2705 1176 2770 inimicitias
1199 2708 1413 2792 nescioquas
1433 2711 1667 2795 suspicantur,
1688 2709 1813 2774 imme-

395 2835 508 2882 mores
522 2815 680 2901 iue'runt‚
701 2814 901 2880 Ciceronem
919 2809 1035 2877 laudis
1052 2811 1304 2891 avidissimum,
1325 2815 1541 2902 arrogantius
1562 2819 1606 2880 de
1622 2817 1724 2879 rebus
1740 2835 1759 2877 a
1776 2833 1813 2878 se

396 2923 500 3010 'gostis
528 2921 731 2988 existimare.
752 2923 819 2986 Sed
841 2921 960 2986 Cicero
982 2920 1073 3006 (pro
1092 2921 1188 2986 Sulla
1214 2941 1257 3002 ¹9·
1280 2922 1339 2986 Or.
1357 2924 1427 2984 Cat.
1449 2920 1718 3006 3.6.)·incendia
1734 2921 1813 2982 Ges-

394 3029 447 3092 sio
472 3029 676 3093 demandata
699 3027 802 3111 dicit,
830 3035 864 3090 et
884 3025 1086 3091 Plutarchus
1102 3025 1196 3112 (Vita
1214 3025 1390 3090 Ciceronis
1408 3045 1436 3090 c.
1453 3027 1517 3112 18.)
1539 3035 1658 3090 auctor
1676 3035 1812 3111 est,ur-
1836 3071 1838 3075 -

395 3135 476 3196 hem
497 3135 696 3196 incentum
712 3143 825 3216 partes
843 3133 953 3197 tuisse
972 3134 1194 3218 descriptum,
1216 3153 1292 3215 quae
1310 3153 1329 3196 a
1349 3141 1484 3198 centum
1506 3132 1591 3196 viris
1609 3141 1701 3197 sorte
1722 3132 1812 3196 elec-

397 3237 441 3302 tis
453 3239 575 3302 eodem
585 3245 737 3318 tempore
747 3237 1029 3314 incenderentur;
1051 3247 1216 3319 praeterea
1242 3239 1320 3300 aliis
1333 3237 1558 3322 imperatum,
1579 3246 1617 3300 ut
1629 3240 1813 3318 aquaeduc-

396 3351 450 3404 tus
470 3343 704 3424 obstruerent,
732 3347 765 3402 et
793 3339 855 3420 qui
878 3357 984 3421 aquas
1006 3347 1180 3424 peterent,
1202 3339 1421 3405 trucidarent.
1456 3349 1722 3425 exsequeretur.
1743 3345 1812 3406 hoc

398 3445 477 3508 loco
493 3465 611 3508 omnes
633 3445 704 3507 iere
727 3445 811 3505 libri
825 3453 982 3524 tuentur3
1005 3461 1110 3526 quare
1135 3445 1363 3510 retinendum.
1384 3443 1557 3512 Statilius
1573 3455 1612 3512 ct
1623 3444 1810 3512 Gabinius.

224 3513 226 3520 .
298 3560 309 3582 ‘
397 3559 434 3616 et
453 3548 564 3614 omitt.
587 3549 675 3611 Med.
694 3551 724 3609 3.
741 3551 769 3608 6.
792 3549 821 3610 tt.
846 3569 875 3625 9.
893 3568 944 3630 ιι.
963 3552 1038 3614 Vat.
1066 3565 1096 3624 4.
1117 3570 1144 3609 ι.
1176 3551 1259 3612 Min.
1284 3575 1309 3614 1.
1342 3569 1371 3613 ι.
1402 3553 1482 3617 Bon.
1505 3553 1596 3618 Flor.
1619 3577 1645 3616 1.
1664 3575 1726 3640 per
1754 3555 1813 3616 in-

396 3657 527 3736 curiam
556 3645 786 3742 typographi
813 3651 967 3738 iactum,
994 3661 1039 3716 ut
1073 3652 1111 3716 in
1139 3663 1297 3718 contextu
1334 3658 1550 3727 retineretur.
1591 3665 1809 3742 ceterosque.

402 3785 487 3847 que,
516 3759 610 3846 quod
643 3745 711 3827 duo
741 3761 826 3826 libri
860 3783 983 3848 parum
1021 3761 1189 3826 concinne
1220 3764 1398 3846 omittunt,
1420 3765 1605 3828 meliorum
1638 3763 1808 3828 librorum

399 3867 484 3929 fides
505 3868 585 3932 satis
601 3867 765 3932 defendit.
781 3859 966 3952 percussis
987 3867 1163 3933 omnibus.
1184 3869 1272 3930 Flor.
1288 3873 1316 3932 5.
1340 3869 1431 3934 Med.
1452 3893 1496 3930 ιι.
1518 3889 1710 3954 perperam.
1745 3868 1811 3935 Ce-

399 3967 529 4063 thejus.
550 3969 609 4031 cir.
630 3973 698 4038 Cic.
713 3974 813 4036 Catil.
831 3979 858 4037 5.
877 3989 906 4048 4.
949 3974 1135 4062 languent.
1159 3969 1253 4036 aliis.
1278 3973 1299 4034 i.
1318 3991 1347 4036 e.
1369 3973 1507 4057 ceteris,
1524 3975 1679 4056 reliquis.
1699 3973 1769 4039 Liv.
1781 3997 1811 4054 7.

401 4099 446 4160 ¹9·
460 4095 489 4140 2.
506 4076 554 4140 ιδ.
575 4073 755 4162 «ριίιιιοιε
768 4095 850 4160 agro
868 4087 1010 4160 paterno
1029 4079 1159 4141 exuisse
1181 4078 1307 4140 deinde
1320 4077 1468 4142 fortunis
1487 4071 1595 4144 allis.”
1612 4088 1810 4163 promptus

401 4177 490 4247 erat'.
525 4181 670 4246 verbum
690 4183 784 4262 quod
806 4200 924 4245 omncs
944 4183 1027 4245 libri
1051 4185 1199 4246 retinent
1210 4207 1224 4266 ‚·
1242 4183 1364 4261 ejioem
1392 4184 1532 4267 dubito,
1561 4185 1718 4267 qrmrnvis
1741 4185 1810 4249 elc-

399 4289 590 4376 gantiorem
611 4307 684 4362 esse
704 4279 909 4352 structuram
929 4289 1022 4352 haud
1046 4288 1252 4375 negaverim.
1308 4293 1311 4300 '
