4106 4974
1615 395 1691 472 ²¹9

280 577 383 654 uque
411 567 550 636 civilem
578 586 614 634 se
639 569 802 654 prebere.
817 617 823 628 .
839 566 901 634 cir.
932 566 1011 636 liis.¹
1045 533 1076 636 ³..
1110 582 1159 644 ι4.
1190 606 1208 642 4.
1223 565 1316 632 nihil
1335 567 1467 634 eisdem
1484 569 1556 636 illis
1575 572 1686 656 placi·

276 678 356 742 dius
373 683 468 761 erat,
487 674 639 762 benigne
658 677 825 760 salutare,
846 674 992 758 adloqui
1012 673 1125 760 plebis
1144 673 1323 756 homines,
1353 676 1497 739 domum
1516 675 1682 762 invitare,

276 785 394 848 adesso
420 781 460 846 in
478 780 566 847 foro.
577 781 596 814 ''
612 809 615 816 ·
631 776 802 848 conviviis
817 775 982 868 gratiam
1005 800 1190 862 quaerere.
1211 779 1343 861 quade
1363 779 1491 859 rojam
1510 800 1614 867 supra
1635 791 1685 848 est

277 886 458 954 monitum.
480 885 540 948 cir.
556 884 627 952 cic.
646 887 690 950 de
706 881 802 948 offic.
815 901 847 958 a,
869 888 915 952 16.
944 883 1098 967 adeptus
1116 881 1198 947 sim.
1217 903 1309 952 sum.
1333 885 1409 952 vat.
1430 907 1458 954 ι.
1476 903 1508 951 a.
1524 891 1555 950 3.
1570 903 1601 964 4.
1615 889 1644 952 5.
1656 889 1685 954 6.
1817 909 1821 915 ·

276 992 368 1058 Med.
384 1009 414 1056 a.
429 993 459 1056 5.
478 994 508 1055 6.
524 1013 555 1073 7.
568 1011 599 1072 9.
621 1011 669 1055 ιι.
689 990 775 1058 Ven.
790 994 820 1053 3.
850 990 951 1064 Barb.
970 990 999 1054 5.
1032 989 1123 1054 Flor.
1143 1003 1174 1065 4.
1207 994 1242 1054 et
1263 987 1471 1056 indicativus
1490 991 1684 1058 salustiano

275 1095 416 1160 dicendi
435 1097 555 1182 generi
575 1079 839 1173 consentaneus,
860 1115 939 1160 cum
959 1115 1056 1159 more
1077 1096 1276 1158 Gracorum
1291 1092 1443 1159 crationi
1457 1095 1609 1179 obliqua
1623 1117 1686 1164 sa·

275 1200 355 1285 pius
374 1201 602 1266 indicativum
624 1203 764 1275 modum
786 1200 995 1286 interponat.
1023 1195 1271 1282 nequiverant.
1293 1203 1384 1266 Med.
1403 1225 1433 1284 7.
1466 1222 1542 1285 quae
1562 1203 1685 1288 lectio,

275 1307 308 1372 si
324 1326 448 1392 parum
465 1307 675 1391 probabilis,
697 1315 811 1372 tamen
831 1306 974 1372 alterius
992 1305 1229 1370 auctoritatem
1245 1306 1435 1377 coufirmat.
1464 1317 1576 1393 potest
1585 1309 1684 1376 rido-

274 1410 308 1476 ri
331 1410 499 1476 Salustius
526 1411 733 1498 elegantiam
758 1414 931 1494 quandam
951 1419 1096 1478 sectatus
1117 1431 1207 1486 csse,
1235 1411 1360 1498 itaut,
1389 1417 1485 1495 quod
1504 1417 1550 1478 ad
1568 1413 1683 1499 ipsum

274 1517 460 1601 pertinuit,
480 1517 675 1582 firmissime
694 1526 921 1602 asseveraret,
939 1527 1051 1584 cetera
1068 1517 1254 1584 incertiora
1265 1526 1421 1603 poneret.
1441 1526 1477 1582 et
1492 1523 1627 1602 quales.
1647 1527 1685 1584 et

274 1640 344 1685 om.
365 1625 500 1688 Meus.
519 1626 615 1707 quod
633 1624 762 1708 laudo,
782 1640 828 1688 ne
847 1625 942 1706 quod
963 1623 1159 1709 exemplum
1172 1622 1396 1689 librariorum
1409 1624 1560 1690 levitatis
1571 1623 1609 1688 in
1622 1626 1684 1692 de-

273 1725 388 1790 lendis
405 1727 548 1792 vocibus
567 1728 801 1814 intelligentes
821 1728 944 1815 fugiat.
973 1737 1124 1793 ceterum
1144 1730 1200 1794 his
1225 1728 1342 1794 verbis
1357 1728 1525 1794 Salustius
1544 1729 1684 1795 cereris

272 1852 467 1916 perversam
484 1833 729 1898 liberalitatem
749 1841 870 1897 notare
908 1831 1071 1915 videtur,
1098 1833 1161 1914 qui
1181 1832 1383 1918 peregrinos
1406 1841 1441 1897 et
1460 1833 1589 1898 infimas
1610 1852 1683 1900 sor·

273 1937 318 2000 tis
337 1937 498 2002 homines
517 1937 556 2001 in
575 1945 731 2004 senatum
751 1937 847 2023 legit.
882 1934 944 2000 cir.
963 1935 1129 2022 Cic.Epp.
1146 1939 1283 2012 Fumo.
1302 1959 1350 2020 19.
1371 1946 1406 2004 et
1426 1938 1495 2002 Dio
1521 1941 1611 2003 Cass.
1626 1944 1678 2015 43.

275 2057 329 2110 so.
350 2049 465 2128 elcap·
480 2058 530 2124 47.
550 2040 603 2112 sai
621 2040 742 2141 spaciis
761 2046 968 2130 πηιπλιιθιῒς
986 2039 1047 2130 pir
1064 2041 1118 2114 ieri
1134 2039 1184 2118 lie
1205 2041 1382 2140 pagoariae,
1402 2036 1680 2141 ,antistropham

274 2145 341 2232 μιῖΤ
359 2144 387 2226 it
402 2147 445 2224 'lec
464 2146 644 2244 rigaltsilsc,
663 2145 733 2233 pit
753 2147 780 2218 ei
792 2149 835 2224 itt
854 2145 1067 2245 ἆπιλιυθίςου
1086 2150 1160 2224 παῖς
1180 2141 1230 2222 ir,
1252 2145 1448 2246 ι’σῖγςοψιι,
1468 2139 1536 2219 tiele
1554 2145 1609 2216 sal
1626 2143 1678 2217 s'r·

275 2249 469 2327 'assueto‘
488 2250 649 2336 κεφάλαιον
668 2251 764 2327 aster
784 2251 943 2340 pericia.
962 2253 1101 2317 sueton.
1115 2253 1233 2319 V-Jul.
1249 2256 1299 2336 76.
1320 2251 1595 2318 existumabant
1613 2251 1636 2315 i.
1650 2271 1679 2317 c.

269 2356 481 2437 judicabant.
511 2360 604 2442 apud
631 2359 700 2421 Sal.
725 2358 839 2441 enim,
864 2359 1050 2424 verborum
1068 2358 1291 2443 proprietatis
1320 2367 1493 2442 tenacem,
1519 2357 1681 2441 frequens

275 2472 326 2528 est
344 2465 417 2530 hac
437 2462 665 2550 significatio,
695 2467 758 2529 sed
785 2484 830 2530 ne
856 2484 878 2528 a
905 2463 1082 2530 Ciceronis
1109 2464 1251 2548 quidem
1272 2464 1430 2532 oratione
1450 2464 1576 2535 aliena
1607 2461 1678 2535 Cic.

243 2579 246 2586 ’
273 2570 357 2654 Epp.
379 2572 424 2632 ad
444 2570 483 2654 Q.
504 2570 559 2641 Fr.
582 2590 613 2644 ι.
634 2590 662 2636 ι.
683 2589 760 2635 non
780 2578 835 2634 est
853 2566 925 2636 tibi
941 2567 1000 2635 sis
1025 2567 1115 2636 solis
1144 2571 1319 2635 utendum
1344 2562 1679 2648 existimationibus

273 2670 489 2762 ccjudieiir,
509 2669 574 2757 qui
590 2694 690 2738 nunc
708 2682 815 2759 sunt,
835 2671 1034 2759 bominum,
1053 2674 1116 2762 sed
1136 2671 1184 2743 iis
1203 2672 1335 2759 etiam,
1356 2668 1566 2763 quifuturi
1582 2677 1681 2739 sunt.

274 2774 413 2844 merito·
428 2779 451 2860 i.
467 2801 499 2849 e.
521 2778 654 2858 judicio
673 2778 789 2864 potius
808 2799 914 2862 quam
936 2789 998 2844 etc.
1021 2781 1120 2845 Corn.
1142 2783 1226 2863 Nep.
1244 2780 1344 2848 Attic.
1367 2782 1413 2843 1⁵.
1441 2781 1517 2852 «Ex
1536 2796 1607 2859 quo
1624 2775 1682 2854 ju·

274 2883 541 2968 dicaripotcrat,
562 2902 634 2946 non
647 2881 787 2964 inertia,
799 2886 859 2946 sed
869 2883 1004 2960 judicio
1018 2882 1146 2968 fugisse
1160 2883 1360 2964 reipublice
1373 2871 1683 2966 procurationem?

274 2983 393 3053 animi
411 2983 491 3051 mei.
509 3004 721 3071 pronomen,
743 2988 839 3068 quod
859 2985 997 3051 Cortius
1017 2984 1201 3051 deterioris
1212 2986 1299 3049 libri
1310 2984 1379 3049 fide
1393 2985 1585 3069 expulerat,
1605 3003 1682 3048 om·

275 3111 336 3157 nes
355 3091 470 3157 Italici
489 3093 596 3154 Godd.
618 3088 833 3154 confirmant.
853 3088 1198 3172 retinendumigitur,
1219 3097 1253 3152 et
1273 3087 1389 3154 nescio
1411 3108 1487 3173 qua
1508 3087 1681 3175 elegantia

273 3197 313 3262 in
334 3196 390 3262 his
409 3192 652 3260 additamentis
670 3191 761 3259 mihi
772 3209 844 3257 esse
854 3191 1000 3258 videtur.
1022 3209 1157 3258 causam
1178 3199 1270 3258 certe
1289 3193 1349 3258 vix
1367 3193 1561 3278 inveneris,
1581 3209 1675 3279 cura

273 3302 427 3368 librariis
445 3319 639 3387 pronomen
658 3303 700 3364 sit
719 3298 887 3363 additum.
918 3292 1124 3383 negotium,
1147 3296 1206 3382 id,
1236 3301 1333 3383 quod
1352 3299 1475 3385 sepius
1495 3308 1546 3365 est
1566 3299 1681 3364 moni·

274 3418 368 3494 tum,
385 3407 553 3472 Salustius
572 3404 676 3470 etiam
695 3403 896 3490 reipublice
915 3402 1251 3468 administrationem
1272 3404 1367 3471 dicit.
1405 3405 1448 3488 Q·
1458 3405 1679 3472 Maxumum

273 3516 595 3580 nouCunctatorem
613 3508 802 3595 significat,
823 3508 919 3588 cujus
938 3529 1148 3593 prenomen
1169 3509 1313 3574 Publius
1334 3508 1418 3593 luit,
1438 3511 1578 3576 sedant
1597 3509 1682 3576 Ser·

275 3616 472 3703 silianum,
490 3616 553 3700 qui
571 3618 610 3680 A.
632 3618 674 3678 U.
695 3617 767 3697 627.
787 3613 944 3680 nobilem
965 3615 1183 3680 considatum
1202 3615 1325 3702 gessit,
1353 3622 1412 3680 aut
1431 3615 1619 3680 Aemiliani
1638 3615 1681 3680 li-

274 3724 373 3810 lium,
392 3728 430 3787 L.
443 3721 543 3787 Pauli
550 3729 723 3806 nepotem,
745 3720 808 3803 qui
827 3719 948 3785 consul
956 3719 1023 3784 tuit
1035 3723 1074 3784 A.
1090 3723 1133 3787 U.
1147 3724 1217 3783 631.
1239 3730 1272 3786 et
1285 3720 1490 3804 Allobroges
1507 3718 1600 3786 vicit.
1620 3717 1680 3786 cir.

274 3833 367 3895 Brut.
383 3831 432 3894 ιδ.
452 3848 516 3915 pro
530 3829 628 3891 Font.
645 3844 692 3889 ιι.
713 3823 818 3890 ceteri
839 3823 951 3910 enim,
971 3825 1098 3906 quibus
1110 3823 1205 3892 idern
1218 3841 1365 3908 nomen,
1385 3821 1594 3888 minuerunt
1609 3844 1680 3894 me-

275 3932 480 4018 morabiles,
500 3951 613 4016 neque
632 3949 702 3996 susc
722 3930 829 3998 atatis
848 3913 1009 3994 homines
1028 3937 1148 3994 auctor
1168 3930 1363 3996 nominasse
1381 3926 1528 4001 videtur.
1548 3931 1593 3998 Ρ.
1604 3927 1680 3998 Sci·

270 4035 419 4124 picnem
440 4041 588 4105 eundem
609 4057 681 4104 esse
699 4035 910 4122 putaverim,
941 4035 1004 4118 qui
1021 4035 1078 4100 vir
1096 4035 1249 4122 optimus
1276 4038 1320 4100 de
1341 4041 1413 4099 toto
1433 4034 1565 4121 populo
1581 4033 1679 4112 judi·

276 4151 380 4228 catus,
400 4163 495 4208 sacra
513 4144 634 4209 matris
653 4146 756 4210 deum
776 4162 837 4210 sna
856 4163 962 4210 manu
981 4142 1122 4228 accepit.
1145 4141 1207 4208 cfr.
1224 4141 1299 4216 Lis,
1314 4157 1366 4223 so.
1381 4157 1436 4220 143
1457 4143 1507 4210 35.
1525 4157 1573 4204 ιο.
1591 4137 1679 4206 alter

276 4251 394 4334 enim,
416 4249 600 4316 Corculum
619 4251 899 4340 cognominatus,
918 4249 1035 4316 minus
1054 4257 1105 4320 est
1125 4248 1336 4332 celebratus,
1356 4255 1391 4314 ct
1409 4243 1586 4328 Nasicam,
1617 4243 1679 4330 qui

1178 4381 1200 4424 a
