4116 4970
1603 421 1648 514 [μ

254 610 355 699 dicit,
375 631 445 697 quo
466 617 620 697 tempore
638 608 790 697 primum
811 609 856 674 ad
875 607 1124 695 rempublicam
1144 611 1330 676 accesserit.
1360 613 1427 676 Sed
1439 609 1513 692 jam
1533 610 1655 698 trigin-

254 727 290 782 ta
309 727 457 801 quatuor
476 737 585 782 annos
605 726 706 781 natus
727 725 798 781 erat
804 758 815 799 ‚
835 735 913 778 cnm
929 716 1087 780 tribunus
1102 715 1216 800 plebis
1229 715 1409 782 factus‘cst.
1436 717 1555 780 Cicero
1568 735 1656 797 quo-

254 843 322 906 que
348 843 385 888 se
418 823 715 888 adulescentulum
741 819 848 884 Sentii
871 821 992 884 Roscii
1023 821 1182 886 Amerini
1212 842 1347 886 causam
1378 821 1486 909 egisse
1516 829 1658 886 testatur

255 928 362 991 Oratt.
384 933 454 1012 lo,
474 930 534 993 sed
554 927 680 1012 viginti
700 944 758 990 sex
778 945 886 988 annos
907 925 1155 1009 compleveram
1185 926 1234 989 ita
1253 927 1378 1013 saepius
1403 927 1465 990 alii
1492 935 1658 990 auctores.

256 1031 384 1097 Studio
399 1034 452 1097 ad
462 1029 721 1114 rempublicam
733 1032 834 1120 lotus
853 1051 944 1098 sum.
964 1032 1062 1092 Hanc
1076 1031 1279 1116 lectionem,
1300 1053 1405 1116 quam
1418 1033 1588 1119 integram
1604 1051 1660 1096 es·

254 1154 292 1201 se
311 1155 414 1200 nemo
436 1137 589 1220 dubitat,
609 1135 813 1199 confirmant
831 1133 976 1218 plurimi
996 1154 1037 1198 ex
1056 1135 1165 1199 Italic.
1185 1139 1292 1199 codd.
1312 1135 1455 1209 virtute.
1483 1140 1565 1201 Haec
1580 1135 1659 1218 qui-

256 1242 420 1319 demvox,
441 1239 588 1302 Salustio
601 1237 832 1323 usitatissima,
852 1238 1017 1302 hocloco
1038 1238 1185 1324 originis
1203 1239 1276 1303 vim
1296 1240 1440 1320 retinet3
1461 1260 1542 1303 nam
1563 1239 1660 1303 Cice-

255 1361 342 1408 rone
355 1343 712 1429 testeTuscul.Quaest.
723 1361 752 1406 a.
771 1345 829 1422 183
848 1343 1020 1427 appellata
1037 1353 1086 1408 est
1097 1364 1118 1406 a
1132 1343 1207 1408 viro
1226 1345 1351 1428 virtus,
1370 1344 1440 1407 viri
1453 1353 1567 1408 autem
1578 1361 1659 1427 pro-

206 1459 215 1480 ‘
255 1446 331 1532 pria
339 1447 485 1510 maxime
494 1455 543 1510 est
554 1445 732 1510 fortitudo.
762 1447 830 1512 Cic.
842 1451 902 1533 Ep.
922 1450 1014 1512 Fam.
1033 1454 1081 1512 13.
1094 1451 1148 1512 28:
1167 1452 1251 1524 «Est
1271 1449 1309 1512 in
1326 1447 1660 1531 eorirtusetprobi-
1762 1485 1763 1488 =

256 1551 342 1638 tas”‚
362 1550 455 1614 infra
467 1549 565 1613 Catil.
580 1573 608 1614 c.
623 1553 673 1615 ⁵2.
693 1552 823 1628 «virtus
841 1561 876 1617 et
895 1553 1065 1638 sapientia
1084 1551 1196 1632 major
1216 1553 1255 1616 in
1276 1553 1349 1617 illis
1368 1553 1462 1617 fuit.”
1483 1551 1659 1616 Hoc'loco

255 1654 422 1740 intelligit
443 1663 561 1717 auctor
579 1655 767 1742 virtutem,
794 1677 871 1741 que
897 1656 1148 1722 inconstantia
1176 1666 1211 1722 et
1229 1659 1310 1724 vitae
1330 1658 1527 1746 integritate
1547 1657 1661 1722 cerni-

255 1766 322 1823 tur.
346 1760 414 1823 (tic.
435 1780 500 1843 pro
521 1758 663 1838 FonteJ‘o
688 1766 735 1824 13.
756 1762 840 1844 «qui
863 1770 958 1826 tanta
977 1762 1103 1828 virtute
1123 1771 1226 1846 atque
1240 1763 1437 1848 integritate
1458 1762 1573 1839 fuit”;
1593 1779 1658 1845 pro

255 1865 369 1928 Domo
391 1865 698 1950 15.«rirsingulari
706 1865 844 1946 virtute,
852 1866 1052 1951 constantia,
1064 1867 1428 1953 gravitatepraeditus.’'
1436 1870 1542 1932 Recte
1551 1865 1659 1953 igitur

256 1968 522 2053 aiopponuntur
540 1969 727 2055 libidines,
747 1967 873 2054 quibus
888 1971 998 2037 dediti
1025 1971 1138 2042 libero
1160 1981 1193 2039 et
1208 1973 1343 2059 integro
1365 1972 1483 2036 animo
1505 1990 1658 2037 essenon

254 2084 406 2157 possunt.

337 2179 529 2244 Malorum
550 2177 700 2244 artium.
730 2199 800 2264 qua
826 2175 981 2245 dictione
1007 2181 1198 2266 plurimum
1224 2182 1335 2247 utitur
1353 2181 1527 2245 Salustius.
1557 2179 1658 2261 Apud

257 2290 386 2348 ceteros
405 2283 587 2367 scriptores
605 2286 777 2368 pedestres
797 2284 868 2349 fere
889 2293 939 2350 est
958 2285 1115 2367 insolita3
1143 2290 1202 2351 sed
1224 2287 1361 2352 Tacitus
1380 2283 1581 2367 aliquoties,
1599 2283 1659 2344 Sa-

254 2387 409 2473 lustium,
420 2390 540 2472 credo,
561 2388 715 2452 imitatus
729 2409 803 2454 eam
815 2390 1006 2474 usurparit3
1023 2390 1273 2477 cfr.Annal.14‚
1289 2395 1339 2474 ⁵7·
1357 2390 1578 2476 «Tigellinus
1589 2407 1661 2450 ma-

255 2493 308 2556 las
327 2499 436 2577 artes,
456 2493 582 2575 quibus
603 2493 687 2556 solis
705 2495 873 2579 pollebat,
897 2495 1064 2581 gratiores
1081 2505 1174 2560 ratus
1194 2498 1276 2562 etc.”
1298 2496 1465 2559 Usitatius
1486 2493 1590 2557 etiam
1604 2511 1658 2574 ap.

254 2597 322 2660 Sal.
333 2600 428 2678 quod
442 2596 476 2660 ei
484 2597 694 2659 contrarium
705 2607 770 2681 est,
791 2598 909 2665 bonae
927 2607 1048 2677 arten
1070 2621 1147 2683 quta
1162 2601 1267 2685 prisci
1279 2599 1447 2664 sermonis
1458 2599 1566 2662 dictio
1580 2615 1661 2680 esse,

256 2709 291 2767 et
308 2703 377 2766 hoc
397 2701 542 2766 mouere
562 2701 717 2788 ridetur,
739 2703 922 2767 hominum
937 2704 1022 2768 vitia
1036 2715 1138 2788 atque
1151 2706 1295 2770 virtutes
1316 2727 1393 2770 non,
1405 2709 1510 2769 modo
1523 2705 1566 2765 ab
1586 2701 1661 2764 ani·

257 2807 306 2870 mi
326 2808 445 2873 indole
466 2829 537 2873 esse
558 2808 761 2892 repetenda,
791 2811 852 2872 sed
873 2811 983 2873 multo
1014 2811 1124 2896 magis
1160 2811 1198 2874 in
1226 2833 1291 2874 usu
1320 2809 1525 2890 quotidiano
1557 2816 1661 2888 atque

255 2913 498 2980 exercitatione
518 2932 588 2976 esse
598 2910 727 2994 posita,
748 2930 817 2991 qua
837 2913 981 2993 quidem
1000 2933 1038 2978 re
1058 2914 1198 2978 solertia
1219 2916 1376 2996 quaedanr
1403 2920 1506 2992 atque
1527 2908 1663 2993 ingenii

256 3018 438 3082 dexteritas
459 3017 545 3080 oriri
563 3016 669 3097 solet,
690 3033 794 3095 quam
814 3014 919 3100 longe
938 3017 1129 3100 plurimum
1148 3018 1263 3082 valere
1277 3017 1321 3078 iis
1339 3034 1539 3098 persuasum
1557 3012 1662 3076 tuisse

254 3125 405 3205 ridetur,
426 3120 488 3201 qui
498 3119 593 3181 varia
606 3117 788 3179 hominum
803 3121 919 3182 studia
929 3122 994 3185 hac
1014 3142 1097 3186 voce
1112 3121 1305 3208 significare
1322 3119 1516 3185 voluerunt.
1540 3119 1661 3200 Quum

256 3223 549 3308 obreliquerunt
568 3262 612 3279 -
632 3219 794 3286 vexatae.
835 3225 971 3288 Frustra
997 3235 1077 3290 sunt
1097 3226 1315 3311 interpretes,
1346 3225 1408 3307 qui
1438 3245 1517 3288 cum
1543 3222 1662 3287 omnia

255 3351 337 3399 sana
357 3331 445 3414 sint,
465 3329 535 3392 alia
555 3328 690 3412 delere,
709 3327 779 3392 alia
797 3331 982 3395 emendare
1006 3341 1184 3395 conantur.
1218 3333 1372 3416 Abrupta
1400 3349 1482 3394 sane
1512 3339 1561 3392 est
1582 3347 1661 3391 cra·

256 3436 327 3522 tio,
347 3439 442 3519 quod
463 3435 500 3497 in
522 3434 630 3518 culpae
651 3431 864 3496 confessione
885 3432 957 3498 iere
975 3433 1052 3498 fieri
1069 3436 1168 3500 solet.
1200 3437 1276 3498 Hoc
1303 3435 1397 3498 enim
1423 3435 1502 3498 loco
1521 3451 1663 3498 accura-

256 3541 325 3607 dus
346 3540 555 3623 examinato,
584 3536 642 3600 vix
660 3537 773 3599 ullum
795 3537 1033 3603 dubitaturum
1054 3559 1125 3606 esse
1145 3541 1359 3624 putaverim,
1387 3540 1474 3621 quin
1493 3540 1661 3602 Salustius

257 3645 367 3718 ethis
388 3653 421 3709 et
442 3642 673 3725 sequentibus
693 3661 814 3704 eorum
840 3643 1099 3710 criminationes
1124 3645 1282 3710 refellere
1300 3644 1475 3727 voluerit,
1502 3644 1563 3724 qui
1584 3663 1660 3706 ora·

257 3749 364 3814 tionis
394 3749 616 3834 gravitatem,
639 3764 709 3827 qua
734 3765 812 3808 usus
839 3754 912 3830 est,
939 3748 1094 3812 moribus
1114 3747 1186 3825 ejus
1222 3747 1398 3811 dissolutis
1426 3767 1549 3831 parum
1578 3767 1661 3810 con-

259 3842 455 3920 sentaneam
488 3871 561 3916 esse
588 3858 762 3935 putarunt.
810 3851 859 3912 Ao
894 3849 1047 3932 primum
1079 3851 1222 3932 quidem
1251 3847 1478 3933 reliquorum
1508 3853 1597 3917 bene
1626 3871 1663 3918 se

257 3960 393 4036 babet3
423 3956 539 4021 innuit
571 3956 665 4019 enim
695 3962 814 4018 auctor
842 3961 972 4018 ceteros
997 3953 1316 4037 juvenesaequales
1342 3975 1446 4039 suos,
1481 3957 1544 4038 qui
1572 3977 1664 4021 rem-

258 4062 434 4152 publicam
462 4061 730 4145 capessiverant,
758 4054 910 4142 reliquis
937 4059 1000 4141 qui
1028 4060 1283 4145 defenderunt,
1312 4081 1384 4124 non
1417 4061 1583 4146 cogitasse
1611 4060 1663 4123 vi-

260 4173 409 4250 dentur,
440 4167 543 4231 ctiam
569 4161 819 4247 iamam'atque
840 4163 1010 4228 invidiam
1041 4165 1086 4228 ab
1116 4157 1199 4250 ipsis
1224 4166 1317 4232 inter
1341 4165 1450 4230 malos
1469 4185 1583 4229 mores
1609 4185 1665 4230 re·

258 4274 372 4360 ferri,
407 4274 504 4356 quod
529 4271 716 4338 absurdum
744 4277 804 4336 eat.
842 4269 909 4336 Sed
936 4289 1015 4338 cum
1044 4269 1231 4369 ambitioni
1259 4291 1296 4336 se
1330 4253 1520 4335 obnoxium
1556 4267 1661 4337 tuisse

1210 4379 1236 4453 6
