4116 4970
1622 378 1673 475 45

269 577 380 662 netas,
407 579 563 663 potentia
582 577 643 644 clr.
669 579 785 644 Sencc.
801 579 902 643 Herc.
924 577 1001 642 Oet.
1018 593 1066 642 vs.
1084 579 1161 642 12³2
1183 580 1218 644 et
1235 591 1285 642 vs.
1310 575 1381 658 767.
1414 575 1515 641 ovid.
1537 577 1618 642 Met
1643 592 1675 643 a.

269 687 346 748 520:
379 687 441 768 qui
461 686 562 749 aliter
581 686 849 770 interpretantur
868 691 903 748 et
922 682 1033 767 inde,
1052 684 1147 766 quod
1174 682 1293 748 Cicero
1327 692 1445 747 vanae
1462 675 1676 747 solitudinis

267 791 382 854 Somn.
401 791 489 876 Scip
502 811 530 854 c.
546 793 576 854 6.
596 801 630 855 et
647 812 739 874 quae
754 784 930 852 barbaria
948 784 1061 854 India
1082 782 1222 851 vastior
1239 793 1353 870 atque
1371 783 1557 874 agrestior
1572 789 1673 862 Tusc.

267 897 391 980 Quaest.
408 919 435 957 1.
450 900 498 959 13.
512 897 617 979 dixit,
635 904 769 957 vastum
781 900 950 956 vastatum
964 891 985 956 i,
1000 911 1029 956 e.
1045 891 1291 974 cupiditatibus
1305 898 1464 954 vexatum
1478 899 1582 975 atque
1596 911 1675 956 cru-

267 1000 395 1063 ciatum
409 1001 538 1083 dicunt,
550 1019 675 1064 nexum
687 997 934 1062 sententiarum
944 1015 1067 1080 parum
1077 996 1272 1082 intelligere
1281 995 1548 1060 mihividentur.
1562 998 1673 1062 Paulo

267 1103 358 1168 inira
372 1104 514 1185 quidem
529 1105 618 1168 bene
631 1102 697 1165 Sal.
723 1097 959 1168 Conscientia
974 1108 1127 1166 mentem
1139 1097 1298 1165 excitam
1310 1099 1477 1166 vastabat
1495 1124 1523 1171 c.
1540 1103 1587 1165 15.
1607 1102 1675 1167 seu

266 1217 380 1272 vastus
397 1211 466 1271 hoc
485 1209 563 1272 loco
586 1210 631 1270 ad
650 1205 828 1288 sequentia
848 1201 1101 1288 incredibilia,
1121 1200 1231 1268 nimis
1251 1207 1333 1268 alta
1353 1215 1415 1270 etc.
1434 1205 1692 1286 referendum

218 1301 222 1312 ’
267 1333 374 1394 quare
394 1314 484 1376 hene
504 1311 639 1375 eortius
656 1305 878 1375 insatiabilis
898 1310 1159 1394 interpretatum
1179 1309 1295 1375 simile
1317 1319 1366 1374 cst
1375 1307 1570 1402 profunda
1588 1331 1673 1375 ava-

215 1484 219 1492 ,
266 1414 376 1501 ritia,
391 1411 584 1506 profunda
595 1416 726 1500 cupida
746 1426 809 1480 etc.
829 1415 852 1479 i.
869 1434 917 1500 c.,
936 1415 1114 1500 immensa,
1133 1413 1281 1502 infinita,
1300 1415 1496 1480 immodica.
1517 1419 1675 1481 Eundem

266 1522 501 1586 ferentarium
520 1521 699 1606 descripsit
712 1519 832 1599 Vellcj.
849 1522 978 1586 Paterc.
996 1522 1041 1585 11.
1056 1541 1105 1582 ιι.
1125 1519 1355 1596 ,immodicus
1375 1521 1512 1607 gloria,
1532 1520 1674 1585 insatia-

265 1629 362 1711 bilis,
380 1628 551 1711 impotens
570 1645 772 1712 semperque
792 1625 998 1708 inquietus.'·'
1018 1624 1255 1710 Reipublicae
1268 1625 1473 1712 capiundae
1490 1626 1515 1702 i,
1535 1626 1675 1712 e.rcgni

266 1733 479 1818 occupandi3
500 1752 596 1797 more
615 1731 729 1816 prisco
749 1733 894 1798 verbum
914 1733 1061 1818 simplex
1080 1733 1264 1816 compositi
1281 1732 1353 1796 vim
1374 1732 1499 1817 habet,
1524 1731 1673 1795 contulit

265 1839 356 1902 Cort.
375 1840 493 1904 Senec.
514 1825 560 1902 de'
579 1836 723 1902 Benefic.
746 1839 774 1900 5.
798 1841 852 1916 163
871 1857 995 1920 parum
1016 1845 1066 1903 cst
1086 1837 1144 1901 illi
1163 1857 1285 1922 cepere
1303 1837 1451 1922 patriam
1471 1836 1541 1902 nisi
1558 1847 1670 1903 vette-

265 1942 321 2004 rit.
346 1939 551 2026 Quicquam
560 1937 670 2025 pensi
682 1940 838 2005 babebat
850 1940 875 2005 i.
891 1961 919 2006 e.
929 1942 1049 2007 omnia
1062 1943 1154 2008 levia
1174 1944 1289 2021 duxit,
1303 1964 1426 2029 parum
1439 1943 1580 2026 curavit,
1600 1961 1671 2026 prae

265 2067 323 2126 eo,
344 2051 439 2130 quod
458 2049 627 2134 agitabat,
648 2047 820 2125 consili03
851 2055 1002 2112 ceterum
1023 2048 1232 2113 constmctio
1251 2050 1390 2132 eadem,
1419 2055 1460 2110 ut
1488 2046 1527 2110 in
1554 2046 1671 2111 verbir

264 2152 469 2217 aestimandi.
496 2157 583 2216 Nam
622 2172 695 2214 non
714 2152 828 2215 solnm
847 2150 994 2236 genitivi
1016 2147 1132 2232 parui
1152 2147 1281 2239 magni
1312 2159 1375 2218 etc.
1404 2152 1461 2215 his
1477 2152 1671 2236 jungsmtus

264 2260 324 2320 scd
346 2259 455 2319 multa
475 2257 545 2319 alia
565 2266 750 2340 praterea3
768 2277 838 2322 mc.
858 2255 1119 2336 aequibonique
1138 2252 1266 2339 iacere,
1286 2255 1373 2318 boni
1397 2257 1558 2340 consulo,
1578 2253 1671 2319 nihil

264 2362 364 2446 pensi
384 2371 487 2443 atquc
506 2361 677 2426 moderati
697 2359 788 2424 infra
808 2381 836 2425 c.
857 2377 921 2439 ης
942 2359 1034 2423 nihil
1054 2361 1154 2444 pensi
1173 2381 1286 2446 neque
1306 2361 1415 2426 saneti
1434 2363 1511 2448 lug.
1533 2377 1582 2438 (μ.
1604 2370 1668 2439 etc.

264 2468 365 2550 Apud
375 2467 561 2530 Salustium
575 2466 646 2530 lere
667 2487 745 2529 cum
758 2465 944 2548 quicquam
960 2465 1119 2545 junctum
1140 2467 1201 2531 cle.
1223 2488 1252 2531 c.
1269 2472 1318 2530 23.
1335 2469 1385 2532 52.
1405 2467 1530 2550 quibus
1543 2466 1573 2530 si
1588 2485 1667 2550 pro.

265 2573 406 2637 nomine
414 2571 598 2654 quicquam
607 2571 707 2656 pensi
715 2591 867 2652 unquam
877 2570 998 2634 inisset
1011 2568 1071 2634 clr.
1085 2571 1273 2651 [iuliane
1286 2573 1380 2639 Suet.
1392 2573 1494 2639 Dom.
1507 2589 1554 2634 η.
1564 2571 1671 2634 Nesoi

263 2682 315 2753 34·
331 2678 408 2744 Val.
420 2679 509 2742 Max.
517 2693 548 2740 a.
558 2680 607 2756 93.
626 2680 717 2751 ,Nec
736 2675 837 2758 pensi
857 2673 1028 2739 duxeratl’
1048 2675 1162 2738 Plaut.
1178 2678 1279 2740 Tnuc.
1300 2693 1330 2753 4.
1347 2697 1375 2740 π.
1389 2679 1449 2755 5²3
1465 2716 1482 2751 a
1494 2655 1563 2740 llec
1577 2675 1671 2739 mih-

264 2786 359 2846 adest
381 2783 554 2846 tantillum
574 2781 675 2863 pensi
689 2779 763 2859 jam
782 2799 869 2860 quos
890 2779 1024 2864 capium
1045 2781 1216 2847 calceos.''
1247 2777 1481 2868 Agitabatur
1509 2781 1532 2842 i.
1560 2799 1589 2842 c.
1608 2800 1667 2844 ve-

263 2889 424 2971 xabatur,
443 2887 675 2963 lacerabatur;
702 2885 852 2946 Salustio
874 2882 1095 2946 usitatissima
1114 2886 1188 2948 hnc
1207 2883 1339 2947 locutio
1359 2890 1420 2947 est.
1449 2878 1670 2948 Incitabant

259 3000 464 3077 praeterea.
484 3009 641 3075 pronam.
664 2988 828 3052 omittunt
848 2987 952 3052 etiam
973 2987 1107 3068 aliquot
1125 2989 1232 3050 Codd.
1252 2986 1373 3050 Italici.
1406 2987 1673 3068 Quos-vena·

264 3098 366 3164 bant.
388 3115 479 3176 quos
494 3095 588 3157 haud
607 3094 714 3156 dubie
735 3095 780 3154 ad
795 3110 907 3155 mores
916 3089 1151 3168 referendum
1172 3090 1312 3154 insolita
1321 3089 1464 3171 quidem
1477 3090 1668 3170 dicti03sed

263 3223 285 3266 a
304 3199 444 3264 Salustii
463 3217 620 3265 sermone
641 3215 713 3261 nun
733 3197 865 3279 aliena,
891 3214 1014 3260 vexare
1034 3194 1058 3258 i.
1078 3213 1107 3258 c.
1130 3193 1280 3280 graviter
1299 3194 1478 3274 infestare3
1498 3195 1576 3280 puri
1591 3215 1668 3284 mo-

227 3288 228 3292 ¹
264 3311 310 3370 do
333 3307 400 3369 Cic.
422 3325 485 3389 pro
507 3304 640 3367 Milone
663 3322 702 3383 9:
721 3300 848 3377 ,omni
868 3299 996 3364 scelere
1014 3317 1137 3365 vexare
1156 3299 1424 3384 rempublicam
1440 3298 1513 3379 jam
1535 3301 1573 3362 in
1594 3323 1668 3382 quo

264 3411 391 3492 uliquis
412 3405 620 3490 offenderit,
647 3407 687 3470 in
707 3406 818 3468 activa
838 3404 973 3489 forma,
1004 3403 1042 3468 id
1068 3404 1217 3468 Salustio
1242 3404 1502 3470 usitatissimum
1523 3415 1583 3468 est.
1605 3405 1666 3481 cfr,

264 3520 406 3602 supras.
428 3533 484 3579 mc
505 3513 597 3577 fama
617 3520 651 3576 ct
670 3509 805 3576 invidia
824 3509 993 3575 vexabat’
1004 3531 1014 3592 3
1034 3509 1129 3575 intra
1148 3530 1177 3573 ο.
1192 3509 1239 3573 1⁵.
1259 3509 1491 3585 ,concientia
1511 3520 1662 3578 mentem

266 3620 443 3688 vexabat?

352 3728 505 3808 Tempus
524 3721 717 3788 admonuit
736 3726 828 3807 apud
847 3723 1034 3786 Salustium
1061 3739 1254 3804 pronomen
1279 3721 1404 3806 sapius
1432 3721 1471 3784 in
1496 3722 1562 3785 hac
1587 3740 1668 3786 vcr-

264 3835 387 3897 borum
404 3829 566 3908 junctura
586 3827 766 3891 omissum:
788 3823 948 3890 cininlra
968 3847 996 3890 c.
1010 3828 1059 3889 50.
1078 3831 1264 3906 ,essetque
1285 3833 1418 3908 tempus
1438 3827 1611 3912 monebat,
1631 3837 1666 3892 et

264 3939 340 4023 lug.
354 3953 405 4015 47.
424 3944 539 4011 «ratus
559 3933 597 3997 id
617 3935 775 4015 quadres
794 3931 993 4016 monebat'',
1013 3932 1101 3994 addc
1116 3929 1219 3994 ctiam
1235 3931 1313 4014 Jug.
1325 3950 1392 4013 79-.,
1414 3951 1492 3994 eam
1512 3953 1588 4012 rem
1610 3934 1664 3997 lo-

266 4064 330 4107 cus
358 4036 569 4124 admonuit,
590 4039 654 4102 uhi
679 4038 813 4119 aliquot
833 4038 938 4100 Codd.
959 4055 1059 4120 pron.
1080 4035 1263 4120 omittunt,
1292 4043 1331 4097 ut
1352 4055 1478 4120 supra:
1508 4056 1562 4101 res
1589 4037 1664 4120 ipss

265 4145 399 4212 hortari
417 4145 722 4227 uidetur-supra
749 4149 909 4225 repetere
930 4141 954 4205 i.
974 4160 1004 4205 c.
1024 4141 1200 4225 superiora
1221 4161 1262 4205 ex
1282 4159 1377 4204 more
1390 4143 1508 4206 Graeco
1524 4150 1558 4206 et
1571 4143 1663 4225 apud

266 4251 402 4319 Livium
415 4248 506 4314 circa
519 4257 653 4313 montes
666 4247 727 4314 clr.
735 4248 907 4333 iugurtha
923 4249 953 4312 6.
971 4265 1101 4331 ,panca
1120 4264 1223 4331 supra
1242 4245 1413 4329 repetam”
1434 4254 1469 4310 et
1488 4247 1566 4334 lug.
1582 4267 1610 4310 c.
1624 4261 1664 4326 24
