4116 4970
1607 423 1687 477 .ll

292 603 317 614 ”
368 587 719 664 verisimilitudinem
734 597 824 656 certe
854 589 1028 674 quandam
1046 590 1208 656 Lenaeum
1237 611 1309 660 esse
1339 601 1492 660 secmum
1520 601 1574 662 vel
1606 593 1688 659 inde

279 705 391 786 patet,
411 704 506 783 quod
525 699 711 763 Salustium
730 699 924 782 priscorum
945 696 1152 778 Catonisque
1170 701 1355 765 verborum
1379 699 1687 765 ineruditissimum

279 806 392 870 furem
414 806 549 870 dixerit.
580 805 620 867 ld
637 807 732 887 quod
755 804 812 866 illi
827 812 860 866 et
881 803 925 864 ab
949 804 1102 886 Augusto
1124 812 1159 865 et
1182 806 1226 866 ab
1248 817 1387 870 auctore
1415 805 1586 869 notissimi
1614 803 1690 890 epi-

276 913 475 998 grammatis
500 910 587 974 vitio
609 913 727 972 datum
753 915 814 971 est.
838 906 904 989 29.)
944 907 1037 991 Quid
1064 910 1159 987 quod
1182 910 1292 974 satirae
1320 910 1409 975 ratio
1442 912 1607 995 postulat,
1627 921 1689 973 utr

277 1037 353 1097 quae
373 1016 525 1081 breviter
553 1016 592 1077 in
608 1035 648 1077 ea
669 1011 960 1098 perstringantur,
980 1031 1001 1073 a
1021 1011 1211 1095 legentium
1234 1014 1378 1078 seientia
1404 1037 1476 1080 non
1502 1018 1607 1100 plane
1625 1017 1689 1080 ab·

276 1124 451 1186 horreant.
479 1119 633 1198 Alicujus
653 1118 747 1182 enim
772 1116 859 1181 vitia
877 1116 1011 1180 facetiis
1034 1116 1222 1201 exagitare,
1242 1139 1318 1199 quae
1346 1139 1418 1184 non
1442 1123 1555 1185 solum
1568 1122 1689 1207 ignota

277 1227 463 1292 sedetiam
486 1224 707 1290 incredibilia
728 1230 828 1308 sunt,
848 1221 977 1307 quippe
1005 1241 1153 1302 quorum
1178 1219 1361 1287 salsitatem
1390 1244 1509 1290 omnes
1529 1247 1687 1310 comper·

278 1341 348 1396 tam
368 1333 536 1414 habeant,
555 1333 623 1393 hoc
641 1349 714 1393 non
736 1329 917 1392 satirarum
937 1327 1113 1410 scriptoris
1136 1329 1197 1389 sed
1223 1326 1421 1412 insipientis
1446 1331 1600 1396 hominis
1626 1343 1687 1397 est.

277 1437 344 1500 Sed
370 1436 559 1520 largiamur
585 1436 652 1498 hoc
676 1435 765 1498 irato
799 1432 963 1518 homini,
1005 1441 1044 1496 ut
1067 1432 1214 1496 liberius
1249 1433 1288 1496 in
1315 1435 1501 1498 Salustium
1532 1437 1685 1502 invectus

279 1541 345 1625 sit,
366 1544 574 1623 adversum,
610 1559 680 1621 quo
708 1540 876 1604 Salustius
913 1545 1017 1623 erat,
1056 1557 1231 1602 rumorem
1259 1557 1337 1620 non
1367 1559 1408 1604 ex
1444 1539 1572 1606 Lenaei
1604 1563 1688 1606 con.

278 1645 379 1710 viciis
403 1655 518 1708 natam
539 1645 663 1729 luisse,
691 1644 794 1712 facile
821 1643 1015 1731 intelligas,
1036 1645 1241 1727 comparatis
1265 1653 1457 1708 ceterorum
1480 1647 1686 1730 scriptorum

282 1751 499 1820 testimoniis.
530 1753 615 1837 Quae
634 1752 776 1834 quidem
800 1751 936 1835 multis,
963 1752 1082 1831 credo,
1103 1768 1225 1832 parum
1245 1749 1344 1812 firma
1371 1769 1442 1814 esse
1463 1751 1687 1838 videbantur,

281 1859 505 1938 quodeorum
531 1857 621 1943 fugit
640 1858 859 1941 memoriam,
879 1855 1021 1920 Salustii
1039 1854 1147 1918 ritem
1169 1857 1213 1918 ah
1227 1855 1374 1920 Asconio
1395 1857 1564 1942 Pediano,
1584 1879 1687 1940 quem

281 1961 485 2048 diligentem
507 1981 578 2026 esse
600 1963 861 2047 grammaticum
887 1961 969 2024 satis
992 1968 1141 2044 constat,
1161 1961 1323 2045 scriptam
1343 1961 1459 2029 fuisse.
1497 1965 1584 2024 Eurn
1603 1984 1685 2027 vero

282 2074 401 2130 testem
423 2068 565 2129 laudant
587 2069 750 2130 adulterii
775 2088 794 2130 a
820 2067 968 2130 Salustic
1000 2065 1174 2131 commissi
1196 2069 1310 2130 Acron
1340 2077 1373 2131 et
1390 2069 1608 2151 Porphyrion
1626 2071 1684 2154 (ad

282 2171 403 2235 Horat.
424 2173 576 2234 Sermon.
598 2193 625 2234 1.
645 2189 676 2233 a.
698 2171 772 2254 aa.)
794 2174 896 2255 Quod
917 2171 1082 2254 quiscat,
1105 2170 1166 2250 qui
1180 2177 1296 2254 neget,
1317 2191 1395 2233 cum
1414 2174 1551 2234 accedat
1569 2181 1687 2237 aucto·
1799 2191 1801 2196 ’

281 2273 331 2338 ris
348 2274 542 2359 gravissimi
565 2274 817 2353 testimonium
835 2274 990 2337 Terentii
1003 2273 1179 2338 Varronis.
1206 2275 1272 2337 Sed
1291 2273 1328 2337 in
1348 2276 1488 2339 laudato
1510 2277 1618 2343 Gellii
1634 2279 1689 2343 lo-

283 2393 324 2443 eo
344 2371 551 2442 illustrando
574 2377 715 2460 ejusque
732 2387 766 2441 et
785 2377 952 2444 Varronis
975 2379 1177 2442 auctoritate
1200 2377 1410 2442 infirmanda
1435 2381 1538 2465 plane
1561 2385 1689 2448 ridicu-

282 2486 338 2550 lus
353 2492 402 2550 est
415 2486 613 2549 Muellerus.
640 2485 754 2569 Quare
776 2487 820 2547 ad
842 2505 900 2569 ea,
922 2505 998 2567 quae
1019 2483 1171 2569 plurima
1193 2482 1393 2569 disputavit,
1414 2484 1523 2550 fusius
1548 2509 1690 2573 respon·

284 2590 442 2656 dereris
457 2610 543 2674 opus
567 2609 638 2654 esse
660 2589 808 2656 ridetur.
836 2591 903 2654 Sed
926 2599 1106 2653 auctorum
1125 2597 1193 2649 tam
1220 2588 1410 2670 illustrium
1426 2591 1562 2670 judicio
1581 2594 1690 2659 inter-

283 2695 413 2780 positO,
427 2715 471 2760 ne
479 2706 668 2759 ceterorum
687 2694 829 2778 quidem
845 2693 1068 2779 scriptorum,
1088 2693 1214 2776 quibus
1232 2695 1386 2758 cumsoli
1405 2699 1691 2782 testesproferun-

285 2809 371 2884 tur,
399 2801 567 2864 acutiores
590 2799 701 2862 critici
721 2799 827 2863 fidem
852 2802 1018 2884 derogare
1045 2800 1175 2880 solent,
1196 2803 1487 2862 contemnendum
1509 2823 1580 2866 esse
1596 2805 1690 2868 vide-

285 2916 343 2971 tur
365 2906 611 2970 testimonium.
641 2905 916 2968 Declamationes
936 2904 1016 2968 istas
1040 2904 1079 2966 in
1098 2901 1285 2965 Salustium
1311 2910 1346 2964 et
1364 2903 1563 2970 Ciceronem
1586 2909 1691 2992 scrip-

286 3021 359 3095 tus,
379 3032 497 3095 quasa
515 3011 747 3096 grammaticis
768 3010 977 3093 conscriptas
994 3029 1083 3086 esse,
1106 3007 1213 3070 hodie
1236 3005 1397 3070 omnibus
1414 3007 1485 3074 sere
1509 3011 1594 3074 viris
1609 3016 1691 3077 doc-

287 3115 332 3180 tis
350 3135 548 3201 persuasum
566 3123 631 3199 est,
651 3133 672 3176 a
684 3114 824 3177 Salustii
833 3124 867 3177 et
881 3114 1055 3177 Ciceronis
1075 3112 1225 3197 ingeniis
1243 3113 1450 3195 haudplane
1466 3135 1538 3180 esse
1552 3117 1692 3201 alienas,

283 3221 357 3300 jam
367 3223 434 3285 hoc
450 3227 499 3283 est
518 3222 740 3303 documento,
758 3223 853 3300 quod
869 3218 1125 3303 Quinctilianus
1142 3219 1285 3282 alteram
1307 3227 1398 3281 certe
1420 3222 1606 3304 genuinam
1632 3229 1695 3290 ha-

287 3325 375 3396 buit.
395 3324 465 3409 lo.)
495 3326 631 3410 Quare
661 3321 831 3408 efficitur,
852 3323 926 3404 jam
953 3322 1099 3410 Augusti
1128 3331 1226 3388 aetate
1255 3322 1428 3387 orationes
1451 3345 1522 3390 esse
1545 3332 1695 3417 scriptas.

288 3602 355 3664 Sed
377 3621 453 3681 quae
472 3598 533 3660 ille
555 3598 765 3683 argumentis
790 3607 825 3662 et
852 3599 1044 3664 talionibus
1071 3600 1271 3664 confirmata
1296 3601 1447 3686 habuit,
1476 3605 1556 3668 Joh.
1586 3609 1694 3672 Guill.

290 3706 420 3770 Iarbcll
442 3703 602 3766 refutarit
618 3703 757 3786 libello,
778 3723 881 3784 quem
903 3708 946 3767 de
956 3705 1097 3770 Salustii
1114 3706 1269 3769 moribus
1290 3706 1434 3790 scripsit.
1454 3710 1697 3784 Vratisl.1818.

373 3809 438 3892 sil.)
459 3808 526 3872 Csr.
545 3809 684 3874 Sueten.
703 3807 763 3870 vit.
783 3809 937 3893 Augusti.
958 3832 986 3874 c.
1003 3813 1053 3874 86.
1078 3809 1244 3894 Quinctil.
1269 3811 1392 3874 Institt.
1409 3812 1550 3878 Rhetor.
1569 3819 1697 3889 V111.3,

292 3915 475 3980 Necminus
497 3923 580 3978 noto
596 3914 764 3976 Salustius
779 3914 1024 3999 epigrammate
1048 3914 1248 3978 incessitur:

453 4022 494 4082 Et
511 4021 617 4083 verba
642 4019 778 4100 antiqui
795 4021 943 4083 multum
964 4019 1075 4084 furate
1102 4020 1240 4084 Catonis

458 4123 574 4207 Crispe
591 4125 808 4210 iugurthinae
822 4125 982 4190 conditor
1000 4125 1165 4192 historiae.

373 4228 439 4312 ²9·)
459 4230 624 4313 Quinctil.
643 4232 667 4294 l.
688 4252 716 4295 c.
735 4231 792 4296 tx.
811 4235 841 4297 3.
869 4241 908 4296 ut
926 4234 1019 4316 apud
1034 4233 1218 4298 Salustium
1240 4234 1278 4298 in
1301 4235 1500 4300 Ciceronem
1523 4255 1532 4296 s
1568 4233 1603 4298 0
1624 4234 1700 4298 Ilo·
