4108 4976
1532 517 1533 522 ψ
1592 389 1663 523 24'7

265 653 334 716 que
354 630 392 696 in
413 625 481 697 ilia
491 624 660 720 fortuna
681 619 928 714 opportunum
950 621 1112 721 injuriae
1131 625 1288 712 duceret.
1317 615 1406 683 Fl'on
1424 631 1453 693 l·
1473 634 1504 696 4·
1518 633 1548 681 ²·
1578 624 1675 684 lene·

262 759 356 822 rum,
366 732 567 802 obnoxium
576 741 612 799 et
622 725 870 819 opportunum
893 730 1056 826 injuriae
1066 729 1246 823 juvenem.
1269 767 1304 781 -
1327 718 1513 788 hostiliter
1533 718 1675 788 actedt't

266 842 290 906 i.
310 862 339 909 e.
357 842 517 906 incursat.
550 839 678 904 dolore
697 846 908 922 permotum
919 836 1173 904 Adherbalem.
1194 835 1289 897 hunc
1315 829 1497 894 verborum
1517 827 1676 894 ordinem

263 945 366 1032 pauci
384 967 425 1010 cx
440 943 569 1009 Italicis
583 942 685 1006 libris
702 941 916 1006 confirmant.
932 961 982 1007 ex.
1014 963 1065 1027 gr.
1087 941 1218 1014 Mede.
1238 939 1266 1000 6.
1288 957 1317 1017 9.
1339 933 1444 1000 ceteri
1464 934 1516 997 nil
1530 932 1676 1002 variant.
1756 967 1760 979 .

255 1047 385 1142 fretus
406 1059 498 1116 erat.
523 1049 668 1114 verbum
691 1047 944 1112 substantivum
963 1049 1032 1136 imo
1052 1048 1132 1110 loco
1153 1042 1373 1126 insolentius,
1395 1059 1474 1105 oum
1496 1039 1576 1104 aliis
1590 1039 1678 1105 locis

266 1176 337 1221 non
357 1155 461 1234 adjici
479 1153 597 1218 soleat.
624 1163 715 1220 recte
731 1153 869 1218 Cottius
888 1155 1005 1218 statuit
1025 1173 1046 1216 a
1068 1151 1221 1216 librariis
1237 1167 1309 1214 esse
1327 1145 1519 1233 appictum,
1538 1146 1600 1228 qui
1610 1147 1677 1210 hoc

266 1265 311 1324 ud
333 1260 433 1343 quod
448 1259 658 1338 refer-chaun
690 1263 750 1323 sed
769 1261 946 1347 participii
969 1263 1088 1326 eadem
1107 1258 1214 1324 viset
1235 1255 1273 1320 iu
1296 1252 1465 1342 oppositis
1483 1251 1678 1316 orationem

263 1365 398 1430 variare
415 1385 456 1430 ex
478 1383 575 1428 more
593 1363 734 1428 Salustii
754 1373 813 1432 est.
845 1386 997 1431 sumere.
1013 1343 1094 1430 vide
1116 1363 1207 1429 inira
1227 1365 1278 1434 83.
1298 1365 1403 1427 etism
1423 1359 1546 1430 Livius,
1563 1356 1678 1421 itadi-

265 1471 324 1534 xit.
346 1470 405 1536 cir.
427 1493 462 1555 1,
481 1485 531 1547 42.
554 1472 611 1554 ³6,
633 1484 668 1549 ας
688 1472 745 1554 38,
771 1492 824 1552 ¹93
844 1473 965 1537 Tacito
986 1475 1059 1537 haec
1078 1470 1209 1536 locutio
1230 1467 1464 1534 usitatissima.
1491 1461 1678 1545 cujusqui·

265 1578 344 1640 dem
361 1577 460 1662 origo
480 1596 501 1639 a
522 1575 675 1640 dictione
696 1598 804 1641 arma
824 1598 966 1644 sumere
985 1579 1172 1664 repetenda
1192 1595 1262 1642 csse
1279 1575 1427 1642 videtur.
1444 1585 1548 1636 secus
1569 1587 1679 1634 cesse·

188 1667 191 1673 ¹
264 1689 337 1744 rat.
358 1682 439 1744 vide
456 1677 547 1743 inira
560 1667 591 1744 ci
607 1681 656 1748 αὖ.
685 1681 787 1763 quod
805 1681 870 1747 ubi
887 1704 989 1748 secus
1006 1681 1184 1767 procedit.
1205 1685 1289 1766 Epp.
1313 1705 1340 1745 α.
1361 1683 1405 1744 nd
1425 1682 1505 1743 cas.
1526 1677 1571 1740 do
1592 1677 1678 1758 Rep.

266 1786 350 1854 Ord.
371 1785 431 1853 fin.
452 1783 487 1849 si
506 1793 625 1851 morte
644 1794 712 1849 aut
722 1785 817 1875 jato
838 1785 924 1850 laic
945 1782 1097 1868 imperia
1116 1806 1220 1850 secus
1234 1782 1392 1849 accidat.
1419 1781 1480 1850 cfr.
1495 1781 1676 1846 Tac-Anu.

267 1896 322 1974 13,
343 1894 377 1968 63
397 1891 448 1959 id.
473 1906 510 1973 s,
531 1895 586 1967 ⁵⁰3
613 1897 647 1952 et
671 1914 706 1974 2,
725 1893 777 1952 80.
800 1911 1011 1975 quanquam
1032 1887 1177 1974 incepta
1197 1911 1301 1956 secus
1322 1887 1513 1956 cadebant.
1531 1893 1582 1954 est
1606 1907 1680 1953 cer·

268 2006 341 2060 tum
362 1997 536 2078 quoddam
558 1991 699 2081 εὐφημίας
719 2015 837 2082 genus.
856 2032 900 2047 -
921 1992 1039 2085 magis
1066 2017 1139 2060 non
1165 2018 1244 2061 cum
1270 1993 1504 2060 minuebatur
1527 1989 1686 2080 jungenl

269 2106 369 2187 dum,
391 2105 485 2186 quod
498 2099 636 2166 Cortius
651 2101 829 2184 judicavit,
849 2106 910 2166 sed
933 2123 1011 2165 cum
1030 2121 1090 2181 eo,
1110 2101 1235 2164 similis
1254 2101 1351 2164 locus
1371 2101 1464 2183 apud
1479 2104 1578 2164 Corn.
1594 2102 1678 2182 Nep.

269 2210 366 2270 Eum.
383 2223 414 2284 4.
444 2207 489 2271 ab
516 2208 586 2271 loc
608 2206 755 2289 aliquot
773 2204 1101 2296 plagisEumerees
1120 2207 1353 2282 uulneratum
1374 2225 1489 2287 neque
1503 2223 1545 2270 eo
1561 2200 1680 2294 magis

269 2335 314 2379 esc
328 2309 475 2396 praelio
496 2307 666 2395 excessit,
687 2311 753 2376 sed
769 2310 895 2376 acrius
915 2310 1080 2376 hostibus
1100 2307 1249 2376 institit.
1268 2311 1318 2380 id.
1336 2309 1455 2395 Pelop.
1470 2329 1496 2373 1.
1508 2331 1624 2393 neque
1636 2326 1679 2374 eo

268 2413 386 2507 magis
398 2435 519 2482 arcem
539 2411 719 2481 Thebanis
731 2415 978 2486 reddiderunt.
996 2419 1140 2480 Pausan.
1158 2421 1188 2480 3.
1210 2439 1325 2499 neque
1340 2436 1382 2481 eo
1396 2409 1516 2507 magis
1528 2413 1679 2480 carebat

266 2518 483 2606 suspicione.
511 2541 628 2608 quare,
647 2521 677 2586 si
698 2521 783 2605 quid
804 2523 844 2587 in
862 2526 928 2587 hac
957 2522 1134 2588 locutione
1159 2531 1368 2608 suspectum,
1397 2528 1519 2606 tamen
1547 2521 1681 2607 potius,

269 2647 373 2710 quam
393 2623 513 2716 magis
532 2626 702 2706 ejecerim.
738 2623 863 2695 animo
888 2627 1082 2698 inuaserat.
1115 2629 1139 2697 i.
1162 2649 1191 2696 e.
1219 2633 1313 2714 apud
1333 2629 1488 2694 ciceron.
1508 2631 1593 2714 Epp.
1613 2630 1680 2692 Att.

271 2755 298 2795 1.
324 2737 371 2796 16.
390 2753 453 2816 spe
480 2732 724 2802 devoraverat.
747 2732 807 2798 cir.
828 2735 921 2800 Phil.
938 2755 972 2822 a,
996 2738 1049 2815 163
1085 2777 1102 2812 ..
1116 2736 1153 2799 in
1174 2737 1300 2800 multus
1325 2744 1490 2820 praeterea
1516 2733 1681 2818 pecunias

269 2837 561 2902 alienissimorum
581 2840 781 2925 hominum,
801 2840 917 2919 ejectis
936 2842 1027 2906 veris
1045 2842 1251 2926 heredibus,
1277 2849 1440 2922 tanquam
1461 2841 1561 2905 heres
1581 2848 1680 2924 esset,

270 2939 483 3006 invaserat*
501 2945 630 3007 Sueton
651 2945 731 3006 Caes.
752 2965 782 3023 9.
803 2940 971 3010 invadere
994 2941 1233 3009 dictaturam.
1272 2947 1430 3008 Ceterum
1448 2946 1514 3008 hue
1532 2943 1682 3008 locutio·

271 3067 332 3111 nes
350 3043 475 3112 animo
494 3045 627 3131 ridere,
639 3068 833 3135 peragere,
847 3048 997 3134 bellare,
1012 3043 1241 3136 cogitatione
1250 3045 1455 3134 complecti,
1467 3049 1612 3131 aliaeque
1624 3049 1681 3112 his

269 3152 401 3217 similes
420 3161 500 3216 suut
519 3151 759 3217 usitatissimae.
776 3160 863 3216 ‘cum
878 3150 1123 3237 praedatoria
1145 3154 1168 3218 i.
1188 3173 1354 3239 eperum
1378 3174 1562 3220 numeroso
1584 3174 1681 3220 exer·

270 3259 359 3344 citu,
389 3266 538 3340 quantus
564 3258 602 3322 in
622 3261 739 3343 praeda
758 3261 891 3346 agenda
912 3259 1104 3343 comparari
1123 3259 1219 3323 solet.
1261 3261 1418 3324 Ceterum
1441 3264 1514 3326 haec
1540 3283 1606 3325 vox
1626 3280 1681 3324 ra-

270 3363 343 3427 rius
357 3363 515 3427 occurrit.
537 3369 716 3429 terrorem
736 3360 910 3429 hostibus.
936 3366 1030 3428 huno
1045 3363 1203 3429 ordinem
1219 3365 1475 3430 solusAcadem.
1498 3367 1609 3430 Cottii
1620 3387 1683 3432 eu·-¹

270 3469 384 3554 hibet,
405 3469 501 3548 cujus
519 3465 756 3533 auctoritatem
775 3469 837 3535 ille
857 3477 993 3535 secutus
1013 3480 1071 3534 cst.

351 3577 432 3660 Cup.
452 3577 539 3642 XXI.
563 3594 604 3639 eo
618 3594 843 3657 processum.
865 3571 887 3638 i.
910 3595 939 3640 e.
960 3597 1032 3641 rem
1054 3587 1096 3641 eo
1117 3595 1189 3642 esse
1210 3577 1407 3658 deductam
1442 3581 1502 3668 sed
1523 3579 1680 3660 quamvis
1780 3603 1783 3608 ¹

272 3681 421 3744 activum
450 3681 518 3745 hoc
544 3699 647 3744 sensu
669 3680 750 3743 satis
769 3679 932 3762 frequens
952 3681 1014 3769 sit,
1041 3683 1213 3768 passivum
1229 3683 1401 3749 rarissime
1425 3683 1584 3748 occurrit.
1619 3683 1681 3749 ol-

273 3780 348 3849 tius
377 3786 512 3869 poetice
540 3784 671 3849 dictum
692 3805 757 3869 pro
778 3784 927 3850 obviam.
950 3787 1032 3853 vide
1059 3787 1241 3853 innumera
1266 3787 1344 3852 loca
1363 3791 1455 3872 apud
1482 3788 1680 3875 Virgilium.

273 3890 376 3954 lsaud
392 3893 499 3980 longe
519 3913 543 3957 a
564 3889 673 3960 mari.
693 3899 813 3956 contra
827 3893 949 3955 Strabo
973 3913 1028 3976 17,
1050 3896 1079 3956 3.
1101 3896 1214 3976 p.488.
1235 3892 1326 3992 sigila
1338 3894 1367 3966 'lt
1386 3892 1460 3966 isin
1479 3893 1512 3965 ir
1529 3899 1680 3985 μυομᾶξι

268 3993 318 4066 lat
345 3997 551 4067 Maesartirrsu
579 3995 632 4066 aa>
655 3995 711 4070 732
735 3993 803 4086 iliis
828 3996 983 4089 liadizos
1008 3997 1168 4080 βακήλων,
1209 3995 1503 4098 rritsedsgssrloils·
1524 3999 1681 4077 salmuru-

273 4098 386 4184 autu
407 4106 508 4177 sunsit
530 4101 586 4177 ‘lats
604 4105 682 4172 πᾶσι
701 4101 755 4173 sai
773 4106 911 4190 panaria
936 4100 997 4174 issi
1027 4105 1168 4194 Merita,
1200 4098 1274 4182 isles
1294 4103 1346 4176 tei
1365 4098 1503 4184 dusera
1523 4135 1679 4196 scrutum

274 4233 302 4274 ss
327 4203 401 4296 siulfi
428 4205 481 4276 tui
501 4202 631 4283 lunulis
655 4207 790 4280 s'rss'tsru
820 4203 875 4284 aial
901 4207 1067 4298 iussimus
1093 4211 1219 4312 pugione
1239 4210 1354 4290 iastius
1373 4211 1547 4290 tartaricus
1566 4210 1602 4285 li
1620 4213 1679 4287 rri-
