4116 4970
1675 400 1697 472 ὅ

299 588 537 655 menticiarum
557 588 793 655 narrationum
813 609 914 658 causa
930 591 1034 658 luisse
1055 590 1204 658 videtur.
1232 591 1463 680 Excogitanda
1476 591 1697 672 euim‘eraut,

297 704 487 776 quaranta
512 696 646 781 ingenii
669 697 782 784 gloria
807 698 913 784 digna
936 698 1153 783 viderentur,
1180 717 1242 762 seu
1262 706 1354 762 certe
1377 696 1527 762 novitate
1552 697 1700 777 quadam

296 799 489 886 legentium
515 802 648 866 animos
687 807 910 867 adverterent.
968 804 1117 868 Accessit
1143 804 1267 888 saepius
1300 801 1467 867 seriorum
1503 799 1702 866 criticorum

297 903 513 990 malignitas,
535 907 596 986 qui
616 907 787 969 clarorum
809 906 1031 990 ingeniorum
1057 908 1221 970 laudibus
1243 908 1434 971 obtrectare
1456 904 1629 986 judicium
1651 909 1701 966 at·

295 1027 365 1090 que
381 1028 523 1073 acumen
537 1011 743 1074 hahuerunt.
784 1012 870 1072 Inde
896 1009 995 1073 facile
1018 1011 1213 1096 intelligas,
1238 1011 1348 1074 multa
1374 1032 1451 1074 cum
1475 1011 1701 1093 circumspec-

294 1110 391 1176 tione
409 1132 480 1175 esse
499 1113 746 1196 examinanda,
776 1135 852 1194 quae
873 1118 916 1177 ad
937 1115 1126 1177 illustrium
1158 1114 1364 1198 scriptorum
1384 1116 1473 1180 vitas
1496 1115 1701 1200 pertineant.

293 1217 336 1278 Id
359 1221 453 1298 quod
472 1218 594 1301 saepius
612 1218 806 1303 neglectum
825 1220 1014 1282 multorum
1037 1237 1192 1282 errorum
1207 1238 1307 1281 causa
1325 1219 1404 1284 fait.
1441 1219 1609 1283 Salustius
1622 1219 1702 1299 qui·

294 1316 375 1384 dem
393 1321 472 1385 vitas
493 1322 693 1405 scriptorem
713 1323 836 1385 habuit
857 1323 972 1385 virum
997 1322 1235 1408 gravissimum
1257 1332 1359 1406 atque
1380 1322 1701 1409 diligentissimum,

293 1425 479 1487 Asconium
505 1427 704 1489 Pedianum.
733 1429 800 1490 Sed
822 1430 889 1490 hoc
906 1427 997 1490 libro
1019 1428 1218 1512 deperdito,
1232 1449 1274 1492 ex
1293 1427 1399 1492 variis
1417 1436 1572 1492 veterum
1587 1446 1701 1511 gram-

294 1529 498 1592 maticorum
532 1531 786 1594 commentariis
813 1540 847 1594 et
883 1523 1065 1594 seriorum
1082 1533 1288 1616 scriptorum
1317 1532 1473 1597 historiis
1500 1539 1580 1594 sunt
1601 1529 1701 1594 colli·

294 1636 423 1717 ganda,
443 1631 518 1714 quar
536 1637 579 1696 ad
600 1633 672 1711 ejus
688 1635 795 1697 vitam
816 1634 1058 1700 illustrandam
1075 1638 1263 1720 pertinent.
1301 1640 1350 1701 Ex
1369 1637 1425 1707 his
1447 1657 1523 1718 quae
1535 1633 1704 1720 probabi·

293 1735 343 1798 tia
362 1755 432 1800 esse
449 1737 625 1820 videntur,
646 1739 764 1821 paucis
782 1759 962 1822 exponam.

248 1823 251 1831 '
373 1827 411 1908 c,
429 1841 594 1904 sununs
609 1841 748 1926 crapas
768 1843 810 1926 ι.)
831 1844 1002 1906 taanenu
1018 1843 1199 1908 ansuini.
1214 1851 1314 1908 uatus
1328 1841 1410 1927 fata,
1431 1841 1477 1926 ι.)
1497 1844 1533 1907 c.
1545 1837 1700 1904 manau

372 2132 565 2194 Plurimum
584 2135 795 2197 auctoritatis
816 2139 943 2199 hahere
968 2135 1150 2218 videntur,
1176 2149 1262 2214 quas
1288 2135 1333 2194 ad
1361 2129 1547 2194 Salustium
1580 2135 1699 2193 auoto-

292 2244 420 2298 ramat
443 2234 514 2312 ejus
535 2245 673 2319 gentem
698 2247 848 2319 spectare
869 2259 971 2302 nemo
986 2239 1130 2300 dubitat.
1170 2240 1234 2300 Hae
1251 2235 1343 2299 inira
1361 2242 1441 2300 sunt
1462 2234 1613 2317 scriptae3

371 2379 410 2425 ra.
429 2381 581 2425 rannerus
605 2381 741 2428 alconus
764 2384 803 2427 rr
826 2385 865 2430 nt.
881 2386 1028 2430 coocrsus
1056 2383 1243 2428 srmrocnas
1275 2383 1396 2428 morror
1419 2383 1552 2428 vaurms
1577 2381 1700 2425 nonro-

292 2482 361 2528 aorr
378 2485 657 2530 samnsrrtnonnrr
675 2487 779 2532 mara
799 2490 866 2534 cora
881 2489 1039 2534 ratrammo
1061 2489 1256 2534 maumonaro
1277 2489 1387 2534 omna
1405 2489 1436 2532 o.
1454 2489 1486 2532 n.
1526 2470 1624 2530 Hanc
1649 2475 1702 2528 ta·

291 2587 371 2632 men
394 2574 439 2633 ad
464 2571 594 2635 seriora
626 2583 782 2658 tempora
803 2595 873 2639 esse
899 2567 1115 2638 referendam
1143 2575 1183 2637 in
1211 2583 1330 2657 aperto
1361 2581 1422 2637 est.
1451 2569 1518 2635 Csr.
1540 2572 1637 2633 Grut.
1665 2591 1701 2654 p.

290 2675 405 2738 XLIX.
425 2691 456 2751 4.
496 2695 612 2740 vanam
635 2699 734 2740 rrnrcr
754 2698 879 2742 saonuu
910 2696 1145 2742 sinuosus...
1167 2697 1332 2742 naimarus
1358 2698 1391 2742 n.
1410 2697 1442 2742 n.
1471 2675 1612 2741 Accedit
1633 2681 1699 2738 ter-

291 2778 339 2840 tia
350 2779 530 2864 inscriptio
553 2792 744 2845 memoratu
756 2783 916 2868 dignior,
936 2783 1018 2863 quia
1035 2783 1223 2846 Octaviano
1258 2783 1448 2867 imperante
1479 2783 1605 2866 scripta
1629 2799 1701 2845 esse

290 2881 436 2947 videtur.
457 2885 524 2949 Cir.
546 2887 714 2949 Muratori
732 2889 831 2949 Thes
857 2887 1029 2967 Inscriptt.
1049 2907 1082 2968 p.
1110 2889 1289 2948 CMXXXI.
1302 2903 1345 2949 a:
1386 2905 1596 2950 samsucius
1616 2903 1653 2949 ιι.
1669 2905 1699 2948 o.

290 3005 452 3051 uonrsrus
470 3011 561 3052 rnorr
577 3013 603 3052 c.
623 3009 780 3054 samusrn
794 3010 893 3052 cursat
912 3011 1012 3052 suavo
1027 3009 1223 3052 maranuaro
1242 3011 1352 3053 narrar
1366 3010 1436 3054 roo.

369 3094 484 3176 Quam
514 3091 654 3174 quidem
687 3094 963 3176 inscriptionem,
983 3094 1021 3154 in
1045 3093 1150 3156 Liviae
1173 3093 1330 3176 sepulcro
1354 3094 1528 3156 inventam
1546 3092 1658 3155 adhuc
1677 3111 1698 3152 a

291 3196 429 3259 nemine
442 3199 616 3260 laudatam
633 3218 703 3262 esse
726 3198 843 3260 miror.
869 3199 1036 3262 Praeterea
1055 3197 1127 3280 ipse
1149 3195 1186 3258 in
1207 3199 1326 3260 Museo
1345 3196 1510 3262 Vaticano
1532 3198 1616 3258 duas
1629 3203 1698 3259 sta-

289 3296 365 3363 tuas
385 3301 481 3386 vidi,
511 3303 637 3384 quibus
651 3297 836 3366 Sallustius
863 3321 991 3364 nomen
1014 3301 1218 3385 inscriptum
1244 3311 1309 3385 est,
1339 3301 1440 3365 litera
1467 3302 1491 3365 l.
1513 3300 1697 3385 geminata.

291 3406 446 3488 Pompcji
475 3429 613 3487 quoque
624 3407 661 3469 in
681 3407 837 3490 sepulcro
851 3425 977 3468 nomen
989 3405 1210 3488 itascriptum
1234 3415 1294 3470 est.
1322 3407 1474 3469 Eandem
1493 3406 1697 3488 scripturam

289 3512 412 3603 probat
421 3513 610 3574 Martianus
620 3512 806 3594 Capella,p.
816 3513 865 3585 54.
876 3513 936 3572 Ed.
946 3511 1040 3572 Grot.
1054 3511 1072 3572 I
1079 3511 1207 3574 exilem
1217 3532 1345 3575 sonum
1355 3508 1474 3575 reddit
1488 3531 1569 3574 cum
1580 3504 1695 3596 gemi-

289 3621 418 3694 natur,
440 3625 481 3676 ut
495 3617 639 3698 sollers,
652 3613 855 3678 Sallustius.
877 3614 943 3676 cfr.
951 3613 1140 3679 Schneider
1156 3619 1200 3679 de
1213 3616 1391 3679 clementis
1400 3617 1478 3677 L.L.
1491 3636 1525 3697 p.
1537 3629 1607 3688 4ι4.
1627 3614 1693 3674 Sed

289 3718 445 3798 quamvis
458 3719 550 3782 haud
572 3723 822 3782 contemnenda
847 3722 918 3782 haec
931 3719 1127 3781 testimonia
1145 3720 1285 3804 dixeris,
1306 3731 1420 3782 tamen
1429 3738 1551 3801 parum
1560 3717 1694 3779 firmam

290 3840 361 3886 esse
388 3842 507 3885 eorum
521 3824 756 3886 auctoritatem
776 3823 848 3902 jam
868 3823 950 3884 inde
970 3831 1079 3905 patet,
1100 3824 1193 3902 quod
1216 3824 1291 3886 aliae
1311 3823 1551 3906 inscriptiones
1566 3839 1695 3885 nomen

288 3946 360 3988 uno
374 3926 395 3987 l.
406 3927 569 4010 scriptum
582 3929 753 3992 exhibent.
778 3927 846 3990 Cir.
862 3927 1001 3989 Grutcri
1013 3927 1183 4013 Inscriptt.
1195 3950 1229 4011 p.
1243 3929 1313 4004 824.
1333 3948 1367 3996 ιι.
1384 3928 1412 3990 5.
1427 3949 1499 4010 7.p.
1515 3930 1603 4010 1059.
1617 3947 1651 3990 n.
1662 3941 1695 4002 4.·

288 4051 321 4111 p.
331 4045 402 4108 99ι.
422 4052 457 4094 ιι.
476 4053 504 4110 7.
521 4052 567 4094 ιι.
582 4033 611 4093 8.
621 4032 683 4095 ubi
700 4032 738 4095 in
753 4035 871 4096 eadem
886 4029 1108 4115 inscriptione
1123 4030 1249 4095 nomen
1262 4032 1443 4096 Sallustius
1456 4035 1560 4096 modo
1579 4031 1694 4114 dupli-

289 4133 337 4217 ci,
357 4139 462 4198 modo
473 4155 545 4198 uno
561 4136 757 4220 l.scriptum
777 4145 843 4220 est,
859 4145 893 4199 et
913 4136 950 4198 in
961 4137 1081 4198 Mutat.
1097 4139 1180 4201 thes.
1195 4139 1351 4220 Inscrptt.
1364 4159 1398 4220 p.
1414 4133 1641 4200 MCCCXCIX.
1658 4153 1692 4194 ιι.

287 4262 319 4318 9.
332 4263 366 4324 p.
383 4241 570 4306 MDCCXL.
592 4261 625 4302 n.
641 4261 671 4324 7.
692 4242 721 4303 8.
743 4261 790 4304 ιο.
809 4241 1108 4326 pemittant.
1127 4263 1161 4324 p.
1172 4243 1436 4311 DecchxxV.
1458 4261 1530 4320 1209·
1548 4236 1694 4304 Salutii&
