4108 4976
276 403 280 420 ’
389 424 464 500 302

390 611 476 709 goti
493 609 721 702 Iugurthae,
740 601 919 690 imperata
929 593 1130 692 facturum
1143 599 1209 688 qui
1222 598 1395 676 dicerent.
1416 611 1507 674 Med.
1523 631 1551 676 1.
1570 611 1644 678 hec
1655 633 1724 680 una
1739 637 1801 682 va·

393 725 495 788 rictas
523 719 563 783 in
592 714 716 781 nostris
742 711 844 775 libris
863 709 1159 774 animadvertitur.
1189 713 1250 776 sed
1271 714 1406 779 (lortius
1425 718 1532 782 verba
1554 717 1620 802 qui
1638 719 1802 788 dicerent

391 826 538 892 Salustio
559 821 704 906 indigna
723 816 850 884 statuit.
879 813 1062 900 imperata
1072 811 1284 905 facturum.
1314 831 1406 886 recte
1426 824 1561 888 Cortius
1580 828 1671 890 hanc
1701 830 1802 894 dedi-

390 933 497 998 tionis
525 927 709 993 formulam
739 922 834 986 dicit.
863 919 924 985 cir.
954 942 1057 1007 supra
1070 926 1121 1000 46.
1150 933 1185 989 et
1212 922 1303 988 inira
1320 949 1370 1009 77.
1387 929 1567 994 Senatori.
1594 930 1643 996 ita
1663 934 1754 1004 Flor.
1768 941 1798 1000 3.

392 1035 542 1104 accersi.
564 1034 650 1098 Min.
666 1055 694 1094 a.
721 1033 796 1098 Vnt.
812 1048 840 1092 a.
854 1033 884 1096 3.
907 1039 941 1093 et
968 1031 1071 1095 multi
1091 1029 1154 1094 alii
1174 1050 1214 1094 cx
1236 1032 1375 1096 Italicis.
1396 1037 1534 1100 arcessi
1550 1037 1626 1104 vat.
1643 1060 1670 1102 t.
1685 1055 1715 1116 t.
1736 1063 1799 1108 αο-

338 1169 350 1181 ’
391 1141 529 1210 cersiri.
551 1146 642 1210 Med.
661 1162 687 1205 1.
701 1155 731 1214 4.
747 1161 776 1220 7.
789 1139 820 1199 8.
830 1139 916 1202 Ven.
929 1154 959 1206 a.
974 1141 1004 1201 3.
1024 1137 1120 1201 Eich.
1139 1139 1214 1204 Vat.
1230 1139 1259 1200 5.
1280 1139 1319 1203 iu
1337 1148 1431 1203 tanta
1441 1143 1547 1206 codd.
1570 1143 1800 1230 discrepantia

388 1255 483 1316 haud
504 1250 606 1313 facile
626 1257 765 1329 statuas,
787 1263 890 1326 quam
911 1242 1096 1306 lectionem
1117 1243 1289 1328 potiorem
1315 1246 1450 1308 habeas
1489 1247 1625 1312 Cortius
1646 1249 1800 1315 arcessi-

391 1354 430 1422 ri
445 1357 548 1420 unice
566 1374 686 1418 verum
707 1351 804 1415 dixit.
822 1368 914 1433 pars
935 1363 1108 1434 quorum,
1129 1346 1189 1412 uti
1198 1345 1310 1441 jussi·
1322 1358 1446 1435 erant,
1465 1359 1554 1414 sunt
1566 1351 1727 1419 adducti.
1749 1357 1798 1420 ita

388 1463 479 1525 Flor.
493 1467 523 1524 3.
544 1481 625 1528 cum
648 1458 722 1542 ipsc
745 1457 797 1520 ad
815 1451 1064 1538 imperandum
1094 1451 1269 1520 Tisidium
1290 1465 1499 1521 uocaretur.
1522 1459 1647 1524 collato
1660 1462 1727 1524 hoc
1743 1462 1798 1525 lo-

389 1589 430 1633 co
453 1587 531 1630 cum
552 1565 621 1628 Cic.
643 1571 726 1646 Epp.
747 1564 790 1624 ad
811 1562 902 1623 Fam.
916 1561 1010 1638 9·²⁵·
1044 1579 1143 1622 nunc
1164 1560 1250 1624 ades
1270 1561 1323 1624 ad
1340 1557 1615 1648 imperandum,
1648 1568 1709 1630 uel
1726 1587 1797 1650 pa·

389 1671 541 1736 rendum
557 1665 703 1748 potius:
726 1661 779 1728 sic
799 1659 894 1727 enim
916 1661 1065 1746 antiqui
1084 1664 1350 1750 loquebantur,
1367 1665 1470 1731 facile
1482 1669 1683 1753 credideris,
1704 1671 1798 1734 anti·

389 1777 548 1860 quiorcm
575 1775 749 1854 quandam
777 1768 962 1833 formulam
992 1787 1013 1831 a
1038 1768 1187 1832 Salustio
1214 1789 1285 1835 esse
1314 1791 1516 1856 expressam.
1546 1771 1796 1858 imperandum

385 1883 520 1970 passive
547 1898 618 1944 esse
646 1875 886 1962 accipiendum
914 1874 1109 1938 luculenter
1138 1876 1275 1940 Cottius
1294 1863 1430 1958 docuit3
1456 1879 1532 1943 loca
1552 1879 1698 1944 maxime
1717 1899 1797 1965 per-

384 1989 504 2074 spicua
531 1984 765 2048 transcribam.
794 1985 875 2046 Cas.
891 1984 928 2044 Β.
947 1983 989 2044 G.
1005 1985 1034 2043 6.
1050 1998 1079 2049 a.
1109 1983 1267 2047 Senones
1292 1985 1344 2047 ad
1370 1981 1620 2068 imperandum
1647 2007 1723 2050 non
1743 2009 1797 2052 ve-

386 2091 478 2159 nire.
504 2091 733 2170 Vellej.a.15.
766 2098 809 2152 ut
838 2083 928 2152 cives
953 2089 1142 2152 Romanos
1167 2090 1219 2153 ad
1237 2090 1454 2153 censendum
1475 2111 1521 2154 ex
1535 2087 1737 2174 provincius
1757 2087 1796 2156 in

387 2197 544 2267 Italiam
566 2192 956 2262 revocaverint.·Varro
978 2196 1021 2256 de
1039 2195 1082 2256 ll.
1098 2195 1140 2257 ll.
1159 2215 1185 2257 r.
1202 2195 1251 2258 25.
1272 2190 1394 2258 diebus
1409 2192 1543 2279 paucis
1563 2195 1668 2261 boves
1689 2204 1798 2260 erunt

387 2301 584 2386 mansueti,
593 2301 646 2365 ad
653 2301 872 2364 domandum
880 2293 1005 2382 proni.
1014 2299 1182 2364 Gelam.
1191 2297 1333 2364 Amata
1344 2296 1443 2384 inter
1452 2302 1797 2386 capiendumapon-

386 2407 484 2498 tffice
495 2403 655 2472 maximo
668 2407 887 2489 appellatur.
896 2441 938 2457 -
953 2399 1140 2468 Tisidium.
1161 2403 1263 2483 hujus
1274 2403 1371 2468 urbis
1385 2404 1472 2467 alibi
1484 2406 1582 2469 nulla
1593 2407 1632 2470 fit
1646 2405 1795 2488 menti03

386 2515 524 2589 Tamusia
544 2513 713 2598 oppidum
724 2511 847 2573 Strabo
868 2529 1023 2574 eversum
1042 2529 1114 2573 esse
1135 2509 1232 2594 dicit,
1251 2509 1301 2572 ita
1320 2516 1359 2572 ut
1379 2511 1514 2574 nullum
1536 2511 1608 2591 ejus
1623 2523 1729 2578 exstet
1738 2533 1796 2578 ve-

384 2620 537 2705 stigium.
556 2641 612 2700 17,
631 2623 661 2680 3.
681 2640 714 2700 p.
728 2617 798 2690 488.
820 2617 881 2678 Ed.
900 2617 1029 2678 Tauch.
1062 2636 1171 2696 quam
1198 2611 1323 2704 gravis
1350 2635 1458 2678 casus
1485 2613 1523 2678 in
1544 2615 1727 2682 servitium
1748 2641 1795 2682 esc

384 2745 500 2815 reguo
511 2718 631 2810 soret.
658 2721 697 2784 in
725 2723 869 2784 eandem
888 2719 1093 2783 sententiam
1113 2722 1230 2783 Senec.
1246 2717 1410 2782 Phoeniss.
1429 2737 1477 2787 vs.
1492 2723 1561 2801 599.
1582 2720 1620 2784 in
1641 2722 1795 2786 servitu-

385 2841 457 2895 tem
485 2830 614 2892 cadere
644 2827 686 2890 de
710 2845 825 2914 regno
844 2845 955 2912 grave
974 2831 1038 2887 est.
1069 2827 1128 2888 sed
1150 2825 1278 2888 cudere
1298 2823 1421 2906 saepius
1441 2822 1491 2888 ita
1512 2825 1654 2909 dicitur,
1687 2847 1795 2893 casus

384 2945 499 3001 autem
520 2932 646 3016 rarius,
668 2939 702 2994 et
723 2930 772 2993 ita
793 2930 950 3013 quidam,
978 2939 1017 2993 ut
1037 2939 1071 2994 et
1090 2931 1187 2994 locus
1208 2951 1226 2993 e
1247 2949 1318 3011 quc
1340 2925 1433 2993 etin
1454 2951 1557 3012 quem
1579 2931 1794 3017 adjiceretur,

385 3051 553 3125 quantum
566 3039 729 3122 equidem
749 3035 836 3120 scio,
857 3055 1036 3118 nusquam.
1058 3043 1209 3100 ceterum
1230 3055 1308 3096 cum
1329 3053 1371 3098 ex
1389 3034 1477 3119 aliis,
1499 3043 1571 3098 tum
1592 3056 1632 3100 ex
1651 3039 1719 3102 hoc
1739 3039 1795 3102 lo-

385 3169 426 3212 co
447 3146 668 3231 perspicitur,
688 3143 874 3207 Salustium
895 3141 1017 3226 saepius
1037 3139 1258 3206 substantivis
1277 3141 1347 3227 uti,
1367 3163 1443 3225 quae
1464 3141 1592 3224 reliqui
1612 3143 1793 3229 scriptores

383 3253 497 3318 verbis
519 3251 720 3336 exprimant.
741 3244 948 3332 praesidiis.
970 3247 1154 3331 clampre
1176 3267 1247 3330 cap.
1263 3263 1310 3324 14.
1333 3245 1475 3312 abunde
1494 3269 1630 3338 magua
1648 3246 1792 3333 praesi-

384 3355 447 3430 dia
466 3355 571 3422 nobis
599 3353 637 3418 iu
665 3361 781 3420 vestra
812 3349 978 3417 amicitia
989 3347 1091 3442 fore.
1111 3391 1154 3404 -
1173 3355 1226 3418 Et
1246 3353 1395 3416 Romae.
1423 3353 1703 3433 conjunctionem
1723 3375 1791 3422 om.

383 3464 459 3525 Vat.
475 3465 505 3526 6.
529 3461 617 3520 Med.
633 3461 660 3519 6.
680 3461 764 3524 Ven.
781 3482 808 3520 a.
829 3459 885 3522 Ae
904 3459 949 3524 R.
971 3459 1062 3521 Med.
1085 3459 1114 3520 8.
1138 3479 1186 3522 ιι.
1204 3459 1279 3522 Vat.
1300 3479 1327 3520 1.
1346 3475 1375 3522 a.
1392 3461 1421 3522 6.
1453 3459 1547 3522 Illud
1576 3461 1698 3541 utique
1718 3480 1791 3524 rec·

383 3563 462 3627 tius.
483 3563 535 3623 Ita
556 3559 650 3622 enim
665 3560 787 3641 saepius
801 3561 840 3620 in
858 3559 928 3622 fine
949 3561 1116 3622 orationis
1136 3562 1296 3626 clausulae
1318 3563 1546 3649 adjiciuntur,
1568 3565 1666 3628 nulla
1686 3585 1791 3650 copu-

380 3673 417 3735 la
437 3668 563 3733 addita.

465 3778 545 3858 cap.
566 3773 684 3834 LXIII.
710 3765 850 3836 Uticae.
872 3767 1002 3831 Groece:
1021 3765 1128 3838 t'mim·
1148 3771 1191 3832 de
1210 3789 1249 3832 ea
1268 3770 1389 3835 Strabo
1410 3772 1469 3838 l.l.
1490 3769 1610 3869 tuliae
1622 3769 1789 3876 uileittep.
1852 3799 1859 3812 ·

381 3877 499 3972 >catius
525 3883 571 3964 τῷ
596 3875 728 3963 μεγέθη
750 3872 802 3943 uui
818 3873 858 3962 lei
887 3871 1051 3962 dissipauit.
1083 3877 1297 3954 uolatu-iuius
1324 3873 1359 3946 il*
1381 3878 1430 3954 ‘lie
1460 3875 1669 3976 llewditsc,
1698 3881 1788 3953 iusim

380 3981 414 4058 tv
433 3986 470 4058 ais
489 3981 527 4052 eit
547 3979 730 4076 μηἹςὸπολις
746 3980 801 4056 'lois
816 3983 960 4067 Pupulus
978 3979 1031 4050 uui
1051 3981 1229 4082 igurligur
1247 3976 1383 4080 egistis
1395 3981 1426 4052 it
1437 3981 1533 4073 Atat,
1544 3981 1683 4083 πράξεις.
1703 4008 1787 4071 sup·

376 4087 548 4177 plicanti.
574 4086 624 4148 ita
645 4105 764 4148 omnes
787 4087 912 4164 nostri3
947 4087 1082 4150 Cortius
1110 4089 1239 4151 multus
1259 4087 1362 4150 estin
1379 4087 1521 4151 insolita
1540 4099 1710 4154 structura
1729 4095 1789 4158 de-

381 4193 570 4277 fendenda,
589 4195 649 4258 sed
670 4190 889 4274 quantumvis
906 4193 1015 4255 multa
1030 4193 1215 4278 congessit,
1243 4203 1357 4256 tamen
1376 4194 1449 4257 haec
1472 4197 1516 4258 ad
1539 4198 1647 4261 Codd.
1667 4207 1788 4262 aucto-

380 4299 515 4364 ritatem
535 4299 778 4365 infirmandam
797 4295 889 4363 nihil
902 4299 1029 4366 valent.
1070 4305 1226 4365 Ceterum
1246 4297 1396 4362 Marium
1416 4319 1489 4364 non
1516 4304 1622 4366 modo
1642 4302 1786 4390 religio-
