4106 4974
396 292 528 468 aa¹

353 555 357 564 ’
395 561 614 652 pofissimum
633 563 679 626 ad
698 560 884 647 imperium
902 559 1053 632 militare
1072 560 1238 646 pertinet..
1261 556 1370 623 Multi
1385 558 1500 644 enim,
1521 580 1599 624 cum
1612 581 1800 646 nunquam

395 679 559 756 pretores
578 667 700 754 populi
718 661 891 754 srrffragiis
911 669 1017 734 creati
1035 667 1206 750 fuissent,
1238 675 1469 753 propraetore
1494 689 1573 732 cum
1593 668 1742 755 imperio
1760 673 1802 747 in

396 775 594 861 provincias
614 773 854 840 mittebantur..
878 777 944 842 Eas
965 785 1000 841 et
1019 774 1115 860 ipsos
1131 782 1293 859 pretores
1307 773 1534 857 appellareeo
1548 774 1707 844 usitatius
1723 773 1801 862 suit,

399 884 495 964 quod
514 879 666 962 antiquis
687 881 900 965 temporibus
920 881 989 965 ipsi
1007 880 1135 946 summi
1155 878 1372 964 magistratus
1395 878 1463 942 boc
1482 880 1626 945 nomine
1645 881 1800 966 appella*

399 987 553 1070 bantur,
581 987 682 1070 quod
693 982 894 1069 praeirent·
909 990 1065 1072 popula.
1101 984 1162 1050 cin
1184 989 1292 1054 Varro
1313 1003 1368 1070 ap.
1400 989 1488 1050 Non.
1509 1007 1536 1048 r.
1554 1007 1604 1068 9¹·
1626 989 1712 1052 Fert.
1725 1005 1751 1054 s.
1768 1007 1799 1052 r.

330 1145 354 1182 ·.
393 1088 592 1182 praetoria
598 1097 726 1173 porta.
744 1087 785 1154 in
805 1085 979 1157 exercitu.
1000 1095 1073 1158 berc
1085 1094 1190 1158 verba
1203 1093 1340 1158 Curtius
1353 1092 1533 1158 temerarie
1552 1093 1691 1162 delerit.
1711 1093 1801 1158 mul·

398 1207 436 1262 ta
455 1197 550 1266 enim
569 1197 665 1265 salvo
683 1216 786 1262 sensu
805 1197 920 1265 omitti
939 1217 1038 1283 posse
1057 1199 1237 1283 ridentur,
1256 1219 1351 1282 quar,
1369 1199 1402 1264 si
1420 1199 1611 1264 accuratius
1630 1217 1704 1264 rem
1725 1218 1801 1268 exa·

399 1304 528 1389 minas,
547 1305 592 1368 ad
612 1306 951 1369 commemorandum
972 1305 1160 1369 necessaria
1187 1314 1277 1370 sunt.
1308 1305 1375 1369 Sed
1401 1304 1570 1370 orationis
1596 1304 1801 1391 elegantiam

401 1409 485 1492 quia
505 1410 609 1478 multi
628 1410 810 1496 negligunt
820 1453 835 1494 „
850 1411 923 1474 hec
942 1410 1118 1496 superflua
1140 1429 1211 1475 esse
1231 1418 1394 1478 statuunt.
1413 1412 1481 1476 boc
1494 1410 1635 1493 quidem
1643 1412 1722 1476 loco
1740 1429 1803 1474 rc-

401 1533 457 1580 ces
476 1509 515 1578 in
537 1511 701 1578 exercitu
723 1535 765 1582 co
788 1515 935 1580 consilio
957 1518 1151 1584 abauotore
1172 1517 1304 1582 addita¹
1318 1535 1390 1581 esse
1410 1516 1595 1600 videntur,
1613 1525 1677 1599 ut,
1692 1534 1803 1598 φιιιι-

401 1628 438 1682 ta
458 1618 675 1686 familiaritas
694 1619 729 1684 ei
749 1639 827 1684 cum
848 1619 1020 1688 militibus
1039 1621 1284 1706 intercesserit,
1313 1619 1562 1708 significantius
1587 1621 1801 1704 exprimeret,

403 1719 445 1792 in.
474 1721 638 1792 exercitu
677 1747 740 1811 per
762 1714 910 1812 triginta‘
925 1747 1034 1792 annos
1052 1727 1230 1813 adfuerat,
1248 1727 1329 1792 ideo
1348 1726 1479 1792 milites
1498 1735 1653 1810 neverat,
1675 1735 1709 1792 et
1730 1726 1803 1809 ipse

404 1829 450 1896 iis
470 1840 571 1900 notua
591 1840 673 1898 erat.
695 1836 835 1917 pleros.
855 1837 954 1917 quod¹
969 1833 1083 1898 Guell.
1104 1855 1131 1898 r.
1151 1835 1283 1918 babet,
1310 1832 1415 1898 etiam
1435 1833 1519 1898 aliis.
1532 1830 1617 1896 locis
1637 1832 1676 1896 in
1690 1832 1805 1894 Goddt

401 1935 533 2008 Italicis
551 1937 679 2022 passim
700 1957 755 2010 me
778 1938 949 2010 invenisse
969 1940 1124 2006 memini.
1144 1961 1221 2023 quae
1241 1940 1383 2022 quidem
1402 1959 1470 2004 vox
1489 1959 1561 2002 non
1581 1938 1694 2002 solum
1713 1939 1804 2022 apud

401 2042 662 2124 antiquissimos
681 2053 817 2130 poetas,
836 2047 897 2112 sed
917 2047 1021 2116 etiam
1041 2047 1134 2131 apud
1156 2048 1321 2114 Catonem
1342 2044 1502 2118 occurrit.
1523 2044 1681 2114 cir.Fest.
1700 2041 1804 2106 Prisc.

408 2151 441 2212 5..
461 2165 509 2224 rt.
530 2175 566 2237 p.
578 2153 649 2226 roa.
669 2155 732 2216 Ed.
744 2153 865 2218 Kreld.
883 2153 950 2217 Sed
968 2153 999 2217 si
1021 2152 1109 2217 talia·
1124 2151 1162 2215 in
1181 2153 1338 2217 Salustio⁴
1351 2153 1566 2217 restituenda
1580 2159 1671 2236 sunt,
1690 2167 1806 2214 emen·

405 2255 585 2320 dationum
593 2257 672 2324 finis
685 2280 757 2324 non
778 2259 854 2326 erit.
876 2255 973 2342 ipsos
982 2253 1171 2348 sectaque
1192 2280 1329 2328 eorum.
1350 2259 1525 2344 eleganter
1544 2257 1618 2322 haec
1639 2255 1806 2344 opposita.

488 2362 570 2446 Cap.
589 2365 655 2432 Lx.
697 2365 817 2435 relus.
856 2383 923 2428 om.
944 2368 1028 2431 Ven.
1048 2389 1074 2434 ι.
1110 2367 1301 2448 Utrumque
1322 2372 1464 2440 rectum,
1494 2363 1573 2428 aliis
1598 2364 1694 2429 enim
1722 2361 1807 2426 locis

405 2471 479 2534 hec
500 2469 601 2536 addit.
615 2470 684 2537 Sal.
703 2471 783 2538 aliis
802 2470 942 2539 omittit.
965 2471 1064 2536 tuba.
1108 2470 1168 2537 cir.
1188 2475 1270 2548 Cass.
1290 2475 1325 2537 B.
1357 2473 1426 2540 ctv.
1446 2476 1476 2536 3.
1490 2475 1542 2548 46.
1573 2467 1693 2563 jubet.
1714 2469 1804 2552 quod

351 2646 358 2654 ,
408 2573 573 2640 Gruterus
594 2575 789 2658 elegantius·
803 2579 920 2644 abesse
939 2579 1074 2662 statuit,
1096 2581 1233 2644 Curtius
1253 2579 1400 2645 ridicule
1419 2577 1585 2644 defendit.
1619 2576 1694 2640 Nisi
1714 2573 1808 2638 enim

355 2661 359 2672 ’
407 2677 725 2746 Codd.auctoritate
746 2681 826 2744 satis
847 2681 1065 2763 defenditur,
1085 2685 1290 2768 scriptorum
1307 2687 1512 2770 testimonia,
1525 2703 1600 2767 quar
1613 2675 1726 2766 affert,
1747 2699 1822 2766 pa-¹

334 2781 338 2788 ’
405 2802 483 2856 tum
504 2782 603 2852 firma
624 2793 720 2852 sunt.
739 2785 805 2850 Sed
826 2787 992 2852 Gruterus
1012 2787 1118 2855 t'alsus
1137 2789 1809 2879 est,.quiin.oppositisapud8a1.ean·

406 2892 510 2975 dent,
526 2909 629 2974 quam
653 2891 691 2960 in
714 2893 896 2978 Cicerone,
917 2897 1147 2978 equalitatem
1166 2917 1356 2984 expressam
1378 2919 1450 2964 esse
1470 2898 1620 2984 putarit,
1641 2917 1720 2962 cum
1738 2895 1808 2967 sd,

407 2997 561 3066 consilio,
573 2999 611 3068 ia
634 3000 760 3068 talibus
781 3001 974 3068 orationem
994 3004 1112 3072 variet.
1127 2999 1350 3094 ferentarii..
1362 3007 1472 3072 Varro
1485 3009 1522 3068 L.
1536 3007 1572 3068 Ι,
1587 3007 1645 3070 Ἦ.
1664 3023 1741 3090 pag.
1758 3005 1809 3068 ³³.

407 3107 469 3168 Ed.
488 3107 689 3181 Gotbcfred.
712 3104 921 3199 ferentarii
929 3109 1065 3194 equites
1088 3107 1129 3178 lri
1147 3107 1240 3176 dicti
1247 3155 1257 3197 ,
1279 3111 1344 3195 qui
1362 3133 1405 3176 ea
1426 3112 1533 3176 modo
1557 3109 1809 3174 labebantur*

408 3231 480 3294 ma,
501 3231 594 3292 quae
603 3209 822 3300 ferrentur,
846 3227 888 3278 ut
896 3214 1079 3304 jaculum.
1100 3215 1369 3305 Hujuscemodi
1389 3215 1526 3301 equites
1534 3215 1660 3301 pictos
1678 3211 1749 3280 uidi
1769 3213 1811 3277 in

408 3313 625 3400 Aesculapii
642 3319 729 3384 aede
750 3327 879 3402 vetere,
902 3329 936 3384 et
946 3316 1180 3408 ferentarius
1201 3317 1417 3404 adserimus.
1447 3325 1533 3390 Fest.
1554 3325 1685 3390 Ferent.
1727 3317 1809 3384 levis
1831 3341 1843 3358 ·

409 3427 625 3486 armaturae
642 3431 890 3510 pugnatores,
912 3421 969 3488 itu
989 3423 1188 3510 appellati,
1210 3422 1296 3508 quia
1307 3424 1443 3519 fundis
1464 3439 1499 3493 et
1521 3425 1709 3513 lapidibus
1716 3447 1809 3514 pag.

409 3521 572 3605 nabunt,
592 3544 685 3602 quae
705 3521 974 3608 telaseruntur,
994 3549 1069 3590 non
1091 3539 1277 3593 tenentur.
1292 3537 1379 3597 Non.
1405 3535 1557 3602 Marcell.
1584 3553 1630 3607 ra.
1646 3538 1674 3598 il.
1696 3535 1744 3603 id.
1763 3535 1809 3596 td.

412 3621 771 3700 15.Ferenturiileais
779 3639 1004 3713 armaturae,
1019 3633 1120 3712 quod
1131 3632 1510 3726 quicquidopusesset,
1518 3636 1813 3732 auriliaserrent

412 3755 568 3818 excursu
583 3735 668 3821 levi,
688 3732 803 3802 armis
821 3734 992 3827 gravibus
1003 3757 1077 3802 non
1091 3735 1262 3823 impediti.
1272 3747 1389 3831 Vrget.
1409 3750 1497 3812 dere
1509 3747 1580 3810 mil.
1596 3771 1621 3811 ι.
1632 3765 1681 3817 ao.
1706 3757 1811 3811 erant

411 3835 509 3904 inter
523 3839 680 3922 pedites,
702 3840 767 3926 qui
786 3842 997 3908 dicebantur
1006 3839 1223 3935 funditores
1243 3859 1279 3916 et
1288 3847 1515 3939 ferentarii,
1537 3850 1602 3936 qui
1614 3851 1812 3937 praecipue

412 3939 451 4014 1'11
473 3943 644 4013 cernitur
664 3947 886 4014 locabantur
906 3957 941 4012 et
962 3973 985 4014 a
1010 3949 1138 4032 quibus
1153 3955 1348 4041 pugnandi
1371 3957 1584 4022 sumebatur
1603 3959 1819 4048 exoratura,

411 4048 539 4118 sediti
568 4056 604 4114 et
630 4050 843 4120 velocissimi
872 4063 906 4116 et
936 4055 1234 4124 exercitatissimi
1257 4061 1480 4150 legebantur.
1501 4103 1543 4116 -
1567 4059 1755 4153 insertiri
1780 4084 1810 4136 e.

413 4165 531 4225 contra
551 4157 675 4220 hostes.
709 4154 769 4219 cir.
790 4159 866 4224 Cass.
887 4161 921 4224 B.
944 4161 984 4220 G.
1006 4181 1035 4239 7.
1058 4165 1106 4230 51.
1139 4166 1222 4245 pila
1243 4186 1312 4232 om.
1341 4168 1408 4232 hcc
1433 4167 1580 4251 factum,
1603 4189 1681 4231 cum
1702 4169 1815 4231 animi·

315 4293 318 4302 ·
414 4262 563 4332 militurn
586 4265 690 4328 adore
711 4264 889 4348 pugnandi
910 4265 1057 4336 maxime
1077 4270 1287 4355 flagrabant,
1303 4293 1346 4340 ne
1366 4294 1463 4342 mora
1482 4275 1520 4340 in
1541 4295 1709 4340 concursu
1729 4275 1828 4364 pilis
