4106 4974
1598 366 1673 465 259

260 551 1222 638 tinent,reeteacortlodeletomessevidetur.quisenim
1234 550 1670 640 inaliosoriptore,nednrn

257 659 299 726 in
326 659 475 726 Salustio
499 656 604 742 terat,
634 655 753 741 paucis
772 656 978 722 intermissis
1001 660 1146 724 eandem
1172 678 1292 724 vocem
1312 659 1367 726 bis
1386 660 1552 746 positam
1573 683 1672 732 aare·

259 765 313 836 dit
331 766 428 848 quod
454 761 558 828 facile
588 757 777 828 credideris
801 814 812 844 ,
844 757 1024 854 fautores
1042 773 1216 829 senatores
1234 763 1350 830 tuisse.
1382 785 1489 848 quare
1507 768 1580 837 sive
1593 787 1670 840 ora·

259 869 368 964 lienis
386 867 612 954 elegantiam,
631 868 704 934 sive
721 885 860 932 sensum
880 869 1108 953 spectaveris,
1130 869 1247 934 alieno
1272 869 1352 935 loco
1379 869 1445 934 iata
1472 891 1541 938 ror
1558 876 1672 960 posita

259 993 332 1044 ease
350 974 499 1047 videtur.
537 971 673 1040 Vellem
693 959 808 1036 tamen
828 991 884 1038 me
905 973 1093 1038 cautiorem
1113 973 1152 1038 in
1170 974 1236 1038 hae
1254 993 1338 1040 voce
1360 977 1564 1060 expellenda
1583 980 1671 1046 tuis-

256 1095 310 1161 ae;
331 1099 411 1148 nam
429 1085 545 1144 movet
564 1096 620 1142 me
639 1077 794 1162 asperior
811 1079 997 1144 verborum
1014 1085 1201 1144 structuras
1213 1087 1413 1163 praeterea
1424 1103 1560 1174 magna
1574 1103 1668 1170 porr

258 1186 359 1253 nullo
371 1183 525 1272 genitivo
532 1182 674 1262 adelit03
696 1191 729 1248 et
731 1189 930 1267 praetereo
940 1192 1003 1248 ete.
1020 1203 1086 1268 pro
1111 1180 1304 1250 multialii
1325 1195 1517 1253 exsenatu
1537 1188 1669 1254 dietum

258 1309 331 1358 esse
347 1298 473 1358 statuo.
514 1287 712 1373 depravato
731 1288 858 1353 rectius
877 1307 981 1370 qnam
1003 1284 1209 1373 depravati,
1230 1309 1302 1354 non
1323 1291 1418 1356 enim
1432 1287 1669 1385 adsertores
1724 1373 1728 1380 ,

258 1397 466 1486 legatorum
499 1395 568 1459 lsoc
602 1390 820 1460 referendum
854 1400 904 1456 est
925 1414 935 1474 3
973 1411 1087 1476 neque
1119 1392 1269 1458 aliorum
1304 1395 1462 1462 locorum
1494 1391 1669 1483 eompara-

259 1500 310 1566 tio
335 1519 462 1586 magno
490 1506 542 1565 est
567 1498 665 1581 usui,
696 1519 775 1562 eum
802 1497 859 1564 h'is
880 1497 920 1562 in
946 1499 1050 1563 rebus
1069 1499 1255 1566 verborum
1275 1500 1405 1586 positio
1430 1502 1572 1571 maximi
1594 1521 1669 1568 mo·

257 1604 367 1670 menti
386 1605 441 1670 sit.
463 1604 564 1668 nullo
590 1603 758 1670 libro.ex
777 1601 905 1668 nostris
927 1603 1038 1668 Cortii
1057 1604 1255 1688 conjecturs
1279 1605 1515 1672 confirmatur.
1544 1601 1670 1672 corius

258 1717 350 1774 eat.
369 1709 464 1776 verb.
480 1728 547 1774 om.
567 1709 644 1776 liat.
659 1713 690 1773 ³.
709 1708 833 1794 placet.
854 1710 1024 1773 Scaurus.
1044 1708 1105 1772 etr.
1127 1708 1203 1777 Val.
1224 1710 1313 1772 Max.
1335 1725 1367 1787 4.
1386 1726 1416 1788 4.
1435 1733 1482 1774 ιι.
1505 1711 1626 1791 Vellej.
1638 1729 1668 1776 s.

256 1836 287 1895 9.
307 1815 375 1880 Cic.
391 1819 484 1879 Brut.
508 1831 558 1894 ²9·
579 1821 614 1878 et
632 1815 713 1878 Ern.
725 1814 820 1876 Clas.
838 1812 910 1876 Cic.
930 1832 972 1878 ex
992 1812 1101 1897 ipsius
1119 1811 1261 1876 Salustii
1279 1813 1394 1880 verbis
1413 1811 1516 1883 facile
1535 1813 1668 1881 intelli·

256 1938 328 2004 gas,
348 1939 409 1982 cur
427 1917 531 1998 hujus
549 1915 619 1990 viri
638 1915 763 2002 sapius
783 1935 862 1980 oum
881 1935 1015 1980 summa
1036 1917 1142 1982 laude
1156 1917 1217 1982 fiat
1236 1919 1378 1988 mentio.
1412 1921 1480 1985 cio.
1493 1941 1558 2005 pro
1567 1922 1665 1988 Font.

256 2045 287 2105 7.
307 2043 372 2110 pro
389 2025 479 2088 Mun
499 2043 572 2107 cap.
590 2023 621 2085 8.
641 2021 773 2087 seilicet
793 2021 955 2087 simulata
973 2022 1165 2106 priscorum
1185 2023 1518 2110 morum'sereritas,
1537 2033 1574 2090 et
1585 2043 1665 2110 par·

255 2130 344 2194 tium
363 2129 516 2204 studium
536 2122 665 2212 effecit,
683 2135 723 2190 ut
744 2144 899 2190 summus
916 2126 972 2190 vir
991 2127 1197 2213 haberetur,
1224 2130 1320 2210 quod
1348 2128 1570 2194 tribunorum
1589 2130 1666 2215 ple-

254 2234 309 2296 bis
327 2233 522 2297 actionibus
540 2251 664 2318 magna
694 2251 773 2296 oum
792 2230 903 2295 animi
929 2229 1073 2297 fidentia
1092 2239 1194 2315 atque
1222 2233 1413 2298 constantia
1432 2233 1571 2300 obviam
1590 2233 1665 2302 ivit.
1757 2274 1760 2284 ,

257 2334 499 2421 impudentem
518 2337 580 2405 i.e.
591 2355 748 2419 quarnon
758 2335 840 2400 satis
859 2341 1059 2422 eantengat,
1079 2339 1140 2401 sed
1159 2345 1275 2424 aperte
1282 2338 1666 2426 pecuniagratiantiau·

259 2452 373 2507 torum
393 2443 573 2529 iugurtha
592 2449 776 2527 comparet.
787 2443 942 2526 polluta
962 2437 1125 2507 licentio.
1146 2442 1289 2530 proprie
1307 2443 1357 2509 ita
1378 2444 1542 2510 dicuntur
1560 2463 1666 2530 saera,

253 2548 400 2634 loedera,
421 2567 552 2632 manne
571 2546 789 2614 animusefr.
805 2545 865 2614 Sil.
885 2567 933 2614 ιι.
948 2549 1019 2610 isa.
1039 2547 1157 2612 Senec.
1173 2549 1292 2622 Oetae.
1309 2567 1358 2612 vs
1376 2553 1448 2630 7²³·
1468 2551 1570 2616 Hero.
1583 2551 1664 2618 rtur.

256 2656 344 2718 ιι6ι.
364 2654 460 2740 Virg.
478 2655 563 2720 Aen.
580 2675 610 2735 7.
623 2668 653 2730 4.
673 2651 735 2716 Sil.
754 2673 803 2716 ιι.
820 2653 871 2728 46.
891 2649 957 2716 sed
985 2647 1082 2716 enim
1103 2649 1424 2737 temerariopuber
1439 2653 1575 2720 delicta
1596 2675 1666 2719 au·

251 2743 379 2847 gebat,
394 2757 579 2842 pollutior
599 2756 680 2842 ipsso
699 2764 876 2822 senectus.
910 2757 1006 2838 quod
1025 2756 1134 2843 igitur
1151 2759 1293 2842 proprie
1312 2761 1357 2822 ad
1378 2759 1538 2823 homines
1556 2758 1666 2842 perti·

252 2873 331 2949 net,
350 2863 478 2928 scelere
497 2862 660 2948 infames,
679 2864 747 2925 hoe
766 2861 845 2924 loeo
866 2863 909 2923 ad
930 2859 1016 2924 vitia
1028 2860 1111 2944 ‚ipsa
1132 2861 1345 2926 transfertur.
1375 2862 1413 2926 id
1433 2863 1529 2944 qnod
1549 2860 1586 2924 in
1602 2862 1665 2924 ad-

246 2965 576 3052 jectivissaepissime
594 2966 644 3030 fit.
665 2983 773 3048 quare
793 2971 955 3056 nonest,
974 2966 1070 3046 quod
1090 2967 1135 3028 ad
1155 2966 1386 3045 conjecturam
1407 2963 1663 3051 confugiamus,

253 3083 286 3136 et
299 3074 494 3158 polluctus
514 3070 744 3157 corrigamus,
767 3072 862 3151 quod
883 3077 917 3132 et
937 3069 1051 3152 ipsum
1073 3068 1189 3136 dubiae
1209 3069 1475 3157 significationis
1495 3079 1554 3136 est.
1658 3141 1668 3158 .

334 3177 415 3262 Cap.
435 3177 523 3240 xvt.
566 3196 660 3258 quoe
678 3207 721 3228 -
740 3169 980 3253 anteferebat.
1012 3173 1149 3238 Cortius
1168 3184 1287 3240 contra
1313 3175 1470 3240 omnium
1490 3175 1663 3240 librorum

252 3281 489 3349 auctoritatem
510 3275 577 3364 qui
594 3279 757 3364 correxit,
777 3277 861 3361 qnia
879 3278 918 3343 in
937 3281 1008 3342 Bas.
1028 3300 1056 3342 ι.
1078 3273 1334 3371 anteferebant
1352 3281 1492 3368 iegitur.
1513 3285 1573 3348 sed
1594 3283 1663 3346 hoe

251 3386 472 3452 durissimum
492 3394 553 3452 est.
586 3385 663 3450 fieri
682 3385 777 3451 enim
802 3384 861 3449 vix
882 3385 1017 3471 potnit,
1044 3393 1083 3449 nt
1103 3393 1181 3470 post
1201 3382 1272 3456 illo
1291 3384 1357 3468 qui
1374 3397 1584 3470 sequeretur.
1618 3385 1662 3455 L.

252 3488 431 3578 Opimius.
452 3489 514 3556 cfr.
543 3489 678 3556 Ernesti
709 3491 803 3554 clav.
837 3489 944 3556 Cicer.
964 3489 1086 3570 Vellej.
1106 3511 1134 3558 a.
1151 3493 1182 3554 6.
1204 3483 1295 3555 Flor.
1308 3495 1337 3554 ³.
1356 3493 1406 3566 1⁵.
1436 3499 1662 3561 exercuerat.

248 3597 379 3663 similia
398 3605 488 3662 sunt.
506 3596 581 3662 Lir.
596 3616 646 3677 ²9·
665 3615 714 3677 ιγ.
742 3597 881 3679 areius,
901 3591 1108 3680 libidinem,
1127 3591 1324 3661 avaritiam
1345 3592 1384 3661 in
1404 3596 1535 3663 sorios.
1566 3597 1614 3660 id.
1629 3599 1659 3661 6.

250 3719 322 3787 cap.
338 3722 386 3767 ιι.
408 3699 601 3767 victoriam
621 3699 661 3768 in
681 3697 811 3785 captis.
842 3701 914 3766 alio
935 3720 1037 3766 sensu
1054 3703 1132 3764 Tae.
1150 3701 1239 3764 Anu.
1255 3703 1284 3764 6.
1305 3706 1354 3764 ³1.
1380 3697 1511 3790 fretus
1531 3698 1661 3786 tellis,

251 3829 345 3890 quae
363 3808 523 3872 secunda
542 3808 730 3875 adversum
750 3803 1008 3898 circumjectos
1022 3804 1194 3871 nationes
1212 3812 1438 3868 exercuerat.
1458 3804 1584 3870 iterum
1594 3807 1658 3872 Διι.

250 3913 318 3976 nal.
345 3917 451 3977 reta.
473 3909 513 3976 iu
538 3909 706 3980 inimicis.
726 3933 804 3996 qne.
822 3911 926 3976 lertio
946 3911 989 3975 in'
1006 3911 1082 3975 solo
1102 3909 1340 3974 (lommeliano
1360 3918 1433 3994 est,
1452 3911 1553 3978 valde
1572 3933 1657 3997 pro·
1772 3889 1783 3910 ’

249 4017 378 4080 babilis
387 4027 454 4101 est,
475 4039 553 4080 oum
571 4017 630 4082 vix
649 4017 856 4101 assequaris,
875 4015 994 4081 curin
1016 4016 1237 4098 sequentibus
1257 4023 1380 4082 tomen
1391 4016 1542 4102 positum
1550 4017 1606 4098 sit,
1626 4016 1658 4082 si

249 4121 710 4210 Seaurnsamieuslngurtha
722 4123 799 4188 suit.
819 4125 896 4188 lloe
909 4121 1004 4188 enim
1015 4141 1086 4186 non
1093 4120 1284 4206 insolitum,
1305 4123 1480 4187 utamicos
1493 4121 1657 4198 colamus.

250 4245 356 4314 qnare
375 4224 425 4294 ita
446 4227 690 4319 corrigendum
710 4247 782 4297 esse
801 4235 921 4298 statuo.
942 4230 1037 4313 quod
1049 4225 1088 4292 in
1107 4227 1266 4312 plurimis
1281 4228 1489 4313 optimisque
1499 4224 1601 4292 libris
1617 4225 1658 4294 ιἰι
