4106 4974
1603 401 1667 448 111

272 573 417 638 dubium
437 594 591 661 vocasse,
621 572 750 658 quippe
770 572 832 658 qui
855 573 986 658 ubique
1006 576 1046 638 eb
1071 574 1185 640 eliens
1212 592 1319 638 mann
1345 572 1383 639 id
1411 572 1580 650 adjectum
1599 587 1673 634 esse

272 685 406 747 statuat.
418 687 557 743 statum
568 676 771 768 dignitatis.
781 680 850 743 Cic.
860 682 921 765 Ep.
934 661 1012 754 Dis,
1022 697 1051 757 4.-
1065 701 1095 761 9.
1094 673 1336 770 fortunatae
1357 679 1552 756 laudatur,
1574 673 1674 756 quod

272 783 424 848 honesto
445 773 523 848 otio
545 780 706 847 tenueris
725 791 759 850 et
778 791 918 847 statum
940 793 976 849 et
985 781 1136 876 famem
1158 781 1353 873 dignitatis
1372 790 1468 846 tuoe.
1498 782 1559 845 sed
1579 780 1608 842 is
1621 777 1676 839 di-

270 881 447 973 gnitatem
458 887 640 974 intelligit,
668 888 772 974 gestis
789 887 981 952 honoribus
999 899 1177 973 peratum,
1206 885 1355 950 Catilius
1374 894 1494 950 contre
1513 884 1562 946 its
1580 883 1678 946 locu-

273 1001 328 1056 tus
348 1000 412 1076 est,
443 995 537 1074 quod
558 1012 601 1056 eo
619 993 754 1055 honore
772 1011 809 1056 se
829 993 973 1078 dignum
994 1011 1065 1058 esse
1082 991 1263 1073 judicavit.
1292 1011 1369 1056 non
1391 987 1488 1074 quin.
1517 987 1605 1072 quin
1627 992 1678 1050 est

272 1117 343 1178 quo
364 1114 457 1180 non,
477 1099 571 1178 quod
580 1116 662 1162 non.
683 1095 742 1160 cir.
766 1097 996 1182 Cic.Ep.Div.
1013 1111 1043 1174 4.
1065 1119 1096 1180 7.
1115 1101 1203 1166 Non
1212 1093 1300 1179 quin
1321 1095 1366 1159 ob
1393 1115 1435 1160 eo
1457 1089 1677 1158 dissentiam.

273 1199 362 1265 mess
380 1196 600 1268 nominibus.
619 1201 694 1265 scil.
713 1210 936 1266 contractum.
956 1223 1035 1266 curn
1056 1203 1150 1267 enim
1171 1219 1310 1284 eorum,
1327 1200 1389 1282 qui
1401 1199 1583 1284 pecuniam
1599 1216 1677 1258 nru-

275 1315 369 1370 tuem
389 1305 589 1390 sumebant,
609 1307 752 1370 nomina
772 1305 811 1371 in
842 1307 976 1371 tubulas
995 1306 1219 1388 reserrentur,
1256 1314 1289 1373 et
1311 1305 1485 1370 debitores
1505 1311 1540 1366 et
1558 1299 1676 1365 debite
1730 1365 1733 1372 ,

244 1446 259 1458 -
275 1408 428 1476 nomino
446 1408 656 1475 dicebantur
674 1411 929 1497 (Sbhuldtitel.)
948 1411 1011 1482 cfr.
1032 1411 1178 1476 Brisson.
1201 1414 1245 1478 de
1264 1409 1435 1476 Formulis
1453 1410 1512 1475 v1.
1521 1427 1597 1492 pag.
1606 1407 1678 1467 600.

174 1573 177 1578 ,
266 1512 416 1600 possim.
436 1515 565 1582 vete.
587 1518 682 1596 quod
704 1516 832 1600 uliquis
853 1515 1014 1582 defendat
1033 1517 1112 1580 loco
1132 1518 1459 1601 suprecxsmineto.
1500 1511 1599 1596 (cup.
1627 1511 1677 1584 34·

271 1620 426 1702 vellent)
454 1622 513 1684 sed
539 1629 681 1706 propter
705 1620 917 1706 perfectum,
945 1625 1040 1706 quod
1067 1621 1232 1708 praecedit
1248 1649 1272 1706 ,·
1291 1619 1530 1705 imperfectum
1556 1613 1678 1696 utique

162 1792 165 1798 ,
270 1725 498 1790 necessarium
519 1732 579 1790 est.
620 1747 702 1790 cum
723 1721 865 1790 olienis.
886 1727 975 1792 Ven.
995 1749 1023 1790 ι.
1042 1729 1073 1791 3.
1099 1729 1194 1791 Med.
1213 1747 1242 1795 ι.
1262 1730 1292 1789 3.
1314 1729 1343 1790 6.
1373 1727 1470 1802 Bsrb.
1495 1745 1522 1790 ι.
1543 1724 1574 1786 ⁵.
1601 1721 1678 1784 Vnt.

274 1845 350 1895 ns.
371 1831 400 1891 6.
441 1825 553 1893 etiam
574 1825 828 1898 olienis.b1ed.
847 1833 879 1894 6.
897 1851 944 1895 ιι.
963 1832 1109 1894 Barba.
1152 1851 1234 1896 cum
1256 1837 1293 1895 et
1313 1851 1359 1895 en·
1378 1827 1520 1898 olienis
1544 1826 1632 1890 Min.
1649 1839 1679 1886 s.

270 1938 307 1996 et
326 1928 459 1997 olienis
485 1935 620 2000 retinet.
638 1937 714 2004 vas
735 1955 767 2000 s.
788 1945 822 2003 et
842 1956 884 2003 ex
903 1936 978 2024 ipss
996 1937 1160 2002 varietate
1187 1937 1348 2003 lectionis
1377 1934 1608 2020 intelligitur,
1639 1928 1677 1990 in

268 2038 422 2122 antiquis
439 2039 541 2104 libris
560 2039 609 2104 ite
628 2040 793 2126 scriptum
813 2041 928 2108 fuisse.
950 2063 1026 2108 non
1047 2039 1187 2128 dcpnos.
1209 2040 1356 2131 dignus,
1376 2037 1560 2128 indignus,
1573 2027 1677 2119 peri-

272 2149 353 2226 tus,
370 2144 476 2208 etiam
496 2146 652 2220 absolute
671 2147 777 2232 poni,
805 2154 924 2211 contra
944 2165 983 2208 ac
1003 2145 1227 2210 Grammatici
1245 2145 1467 2231 precipiunt,
1493 2143 1575 2208 satis
1595 2160 1678 2206 con-

281 2254 358 2310 stet.
379 2247 521 2314 honore
540 2233 755 2316 honestatos
774 2249 1148 2336 notnpsrnnomssiem.
1160 2251 1270 2314 Plnut.
1285 2252 1379 2335 Cept.
1394 2266 1423 2314 ι.
1435 2265 1464 2310 s.
1478 2251 1546 2312 106.
1567 2265 1677 2331 quum

270 2369 329 2414 me
346 2357 455 2417 tanto
476 2351 619 2419 honore
635 2354 816 2420 honestos.
849 2355 966 2421 simile
996 2355 1087 2419 illud
1108 2354 1248 2420 Catonis
1268 2354 1420 2418 dictum:
1446 2354 1603 2418 landant
1623 2371 1679 2414 me

270 2452 443 2522 maximis
469 2454 660 2541 laudibm
692 2459 878 2526 alienatus
907 2462 981 2527 scil.
1009 2462 1054 2526 ab
1085 2462 1230 2526 honore.
1270 2440 1341 2526 hoc
1366 2455 1523 2526 nomine.
1550 2473 1680 2521 nomen

268 2571 304 2630 et
321 2581 439 2630 rerem
461 2572 496 2628 et
514 2563 629 2630 fictam
650 2587 785 2631 ceusem
805 2566 982 2652 exprimit,
1002 2569 1097 2649 quod
1116 2565 1199 2630 satis
1218 2573 1351 2632 notum.
1385 2584 1458 2651 pro
1479 2582 1557 2628 meo
1579 2581 1679 2626 soso.

268 2666 294 2737 i.
316 2687 346 2734 e.
367 2667 578 2736 conditione.
619 2669 679 2741 cir.
700 2672 771 2740 Cic.
791 2673 851 2757 Ep.
872 2675 917 2736 ed
937 2671 1015 2736 Dis.
1038 2692 1088 2735 ιο.
1108 2673 1143 2739 8.
1180 2690 1263 2735 cum
1293 2665 1333 2734 in
1363 2690 1445 2734 eum
1472 2686 1597 2732 casum
1623 2685 1679 2729 me

262 2766 432 2862 sortrmo
464 2771 673 2846 demisisset.
715 2778 926 2842 commendo
952 2777 1109 2842 absolute
1127 2774 1280 2861 positum
1304 2782 1344 2839 ut
1364 2773 1486 2857 saepius
1504 2769 1566 2834 cfr.
1595 2770 1676 2832 Gaes.

267 2879 305 2940 B.
323 2877 360 2940 C.
381 2893 411 2940 n.
432 2891 482 2955 tr.
503 2888 537 2944 et
556 2884 588 2954 3.
611 2884 661 2962 67.
702 2882 831 2965 trado,
867 2900 937 2944 vox
953 2882 991 2944 in
1012 2883 1080 2944 bec
1098 2899 1137 2944 re
1155 2877 1315 2965 propriu,
1335 2876 1422 2942 olibi
1442 2876 1486 2940 de
1504 2893 1618 2940 manu
1637 2867 1678 2938 in

267 3001 417 3046 monum
438 2983 587 3048 tradere
605 2982 742 3056 dicitur.
785 2983 854 3048 Gic.
873 2990 932 3069 Ep.
952 2986 998 3048 ed
1016 2984 1095 3049 Dis.
1114 3005 1143 3066 7.
1165 2987 1199 3048 6.

349 3085 429 3169 Cep.
447 3086 594 3151 XXXVI.
637 3086 679 3153 C.
700 3083 963 3153 Flamminium
984 3089 1206 3158 Flammam.
1238 3089 1362 3154 GIcero·
1378 3087 1540 3152 Fismmae
1564 3083 1677 3165 cujus·

268 3190 349 3254 darn
369 3189 554 3271 aliquoties
573 3191 785 3256 mentionem
805 3190 902 3260 fecit.
918 3192 979 3276 sp.
999 3196 1044 3257 sd
1062 3194 1140 3262 niv.
1164 3195 1212 3258 1⁵.
1233 3211 1291 3274 243
1318 3195 1363 3257 sd
1382 3195 1449 3257 stt.
1473 3213 1521 3255 ιι.
1542 3194 1599 3269 623
1631 3204 1677 3266 ιι.
1723 3175 1728 3188 ’

270 3297 319 3364 ι6.
345 3293 532 3378 exquibus
551 3295 639 3359 locis
656 3295 696 3359 id
715 3303 849 3360 tuntum
868 3297 1107 3384 cognoscitur,
1135 3299 1317 3384 pecuniam
1339 3319 1416 3364 eum
1439 3296 1597 3372 ciceroni
1617 3305 1679 3360 de-

267 3398 392 3465 buisse.
413 3399 504 3464 mnle
522 3400 698 3466 Ernestius
714 3399 754 3464 in
765 3401 861 3466 Cluvi
881 3402 951 3466 Cic.
968 3403 1085 3466 Titum
1105 3403 1178 3484 ejus
1195 3423 1395 3489 pronomen
1415 3401 1543 3471 scribit.
1583 3400 1679 3469 Are·

266 3500 347 3570 trito
367 3525 409 3572 ex
427 3505 557 3570 Italicis
575 3505 678 3572 libris
695 3505 764 3572 soli
784 3509 876 3572 Med.
888 3527 918 3588 9.
938 3509 1023 3578 Ven,
1039 3523 1070 3584 s.
1097 3512 1183 3572 cnm
1202 3497 1502 3593 sutemssatiline,
1522 3515 1676 3591 utsupra

171 3629 176 3638 ·
269 3618 496 3676 memoratum
516 3620 581 3696 est,
609 3611 669 3684 rin
688 3612 828 3678 Aurelia
846 3610 1019 3697 perfectus
1039 3613 1102 3699 sit,
1131 3613 1209 3679 lieri
1235 3635 1310 3680 non·
1337 3615 1474 3699 potuit,
1503 3621 1542 3675 ut
1569 3613 1677 3674 Reate

268 3715 477 3797 perveniret.
499 3719 622 3797 Neque'
644 3717 833 3788 verisimile
853 3725 922 3800 est,
942 3716 1017 3780 istis
1037 3717 1077 3780 in
1100 3718 1301 3801 regionibus
1322 3717 1449 3781 multos
1467 3713 1676 3792 conjuratio-

135 3835 142 3850 *
267 3819 323 3884 nis
342 3819 455 3885 socios
474 3818 863 3898 summouentium
883 3819 922 3883 in
943 3820 1057 3884 medin
1077 3821 1214 3885 Etnrrin
1233 3821 1421 3904 situm,-et
1439 3826 1587 3905 propter·
1618 3837 1677 3884 co-

266 3924 368 3991 lonos
385 3925 562 4011 Sullanos,
590 3933 625 3990 et
651 3934 794 4009 propter
819 3925 959 4010 plebem
988 3924 1128 4010 inopem
1157 3945 1322 3990 novenum
1351 3945 1466 3989 rerum
1493 3922 1677 4009 cupidam,

268 4029 424 4096 Cutilinae
443 4029 598 4096 consiliis
616 4029 947 4116 opportunissimum
967 4027 1044 4092 fuit.
1084 4025 1199 4094 armis
1223 4051 1418 4098 *suornm
1450 4028 1478 4093 i.
1499 4049 1528 4094 e.
1550 4029 1676 4091 instro·

268 4151 337 4199 ere.
367 4135 527 4200 classem.
546 4135 672 4204 lustin.
695 4137 725 4200 6.
742 4138 771 4198 6.
809 4131 935 4198 αοίειιι.
955 4135 1125 4220 iugurtha
1143 4137 1192 4204 ⁵2.
1223 4155 1306 4200 eum
1324 4131 1497 4220 fascibus.
1526 4131 1587 4196 cir.-
1605 4139 1673 4215 Ap·

217 4321 238 4347 N
268 4239 361 4324 Pim-
381 4241 418 4306 Β·
438 4237 572 4306 cii-11·
587 4243 617 4304 3·
655 4241 674 4310 θ’
692 4234 753 4328 vit
770 4235 810 4312 ili
827 4237 953 4342 §istim
972 4267 1006 4309 τι
1026 4236 1080 4309 esi
1098 4239 1243 4318 mlieres
1262 4234 1302 4318 sic
1316 4241 1358 4318 Ἱις
1377 4236 1572 4322 treiectus,
1601 4233 1673 4308 etv-
