4106 4974
1598 394 1667 496 147

225 669 230 674 Ι
265 579 453 646 sitinensi.
464 583 534 649 3.s.
547 599 594 662 ¹9·
603 570 975 670 hseovooisernntem,
986 575 1116 666 quibus
1127 575 1347 666 imperatum
1355 587 1456 671 mat,
1467 583 1663 677 jugulant.

260 688 323 754 sed
352 703 374 750 s
399 684 554 751 librariis
581 687 655 752 beo
684 685 805 752 nddits
823 705 896 752 esse
921 707 1045 774 parum
1064 687 1248 773 probabile
1268 697 1338 769 est,
1366 688 1512 774 iionim
1531 692 1669 780 vulgsri

260 790 417 858 dictione
436 799 590 858 utuntur.
615 795 744 880 gulam
759 786 1054 884 fregere-dictio
1074 793 1247 860 solemnis.
1270 789 1424 860 exitium
1454 799 1554 864 Festo
1586 819 1669 864 suo-

262 901 338 964 tore
356 897 495 981 antiqui
518 897 697 982 ponebant
723 916 788 982 pro
817 897 922 962 exitu.
956 905 1141 983 sumptum
1160 906 1224 963 est.
1243 899 1338 964 verb.
1357 900 1463 964 subst.
1484 921 1553 966 om.
1573 903 1671 972 Eieb.

263 1003 376 1068 Etiam
396 1003 464 1068 hoo
476 1003 554 1068 loco
576 1003 690 1066 multe
704 1021 727 1067 s
739 999 889 1068 Salustio
909 1003 1037 1069 omisso
1057 1010 1155 1080 sunt,
1176 1021 1252 1086 quse
1273 1023 1295 1068 e
1308 1005 1429 1070 ceteris
1446 1006 1671 1092 scriptoribus

263 1107 441 1176 memorie
462 1108 589 1172 hadita
606 1115 695 1174 sunt.
727 1106 885 1174 Primum
903 1109 1057 1190 Vellejus
1074 1110 1275 1174 Paterculus
1294 1109 1349 1195 (n.
1368 1110 1441 1198 35.)
1463 1121 1583 1178 auctor
1603 1120 1671 1199 est,

264 1213 430 1292 majorem
450 1222 585 1298 purtem
603 1221 740 1278 senetur
759 1215 924 1280 Catonem
944 1217 1088 1278 domum
1108 1233 1180 1280 esse
1198 1223 1423 1300 prosecutam.
1461 1216 1570 1281 Addit
1588 1219 1673 1286 l’lu·.

265 1319 402 1383 tsrobus
416 1319 499 1403 (Vis.
511 1319 582 1386 Cio.
599 1339 627 1383 o.
640 1318 767 1404 ruas)
787 1319 897 1385 mrdls
916 1322 961 1385 de
980 1320 1166 1406 supplicio,
1187 1341 1264 1403 quse
1285 1324 1330 1385 sd
1343 1322 1457 1386 solum
1470 1323 1672 1390 Ciceronem

264 1422 406 1505 ejusque
422 1425 543 1489 laudes
561 1424 758 1509 pertinent,
791 1443 868 1508 que
899 1425 1041 1507 quidem
1060 1425 1227 1492 Salustius
1253 1425 1395 1492 silentio
1414 1427 1672 1512 pretermisisse

265 1527 419 1615 ridetur,
450 1532 545 1613 quod
565 1528 711 1594 striotlm
740 1531 830 1594 bsno
849 1549 922 1596 rem
943 1531 1093 1598 seribere
1114 1532 1305 1598 constituit.
1345 1532 1467 1598 Nihilo
1488 1533 1604 1598 minus
1623 1541 1673 1598 ts-

266 1653 357 1719 men,
376 1656 454 1700 eum
466 1643 500 1700 et
511 1655 616 1720 supra
629 1635 834 1720 exposuerit,
853 1639 1029 1720 quomodo
1038 1636 1157 1722 plebes
1179 1637 1297 1704 animo
1316 1631 1443 1706 affecta
1460 1638 1575 1708 fuerit.
1596 1635 1673 1724 (eir.

213 1757 216 1766 ’
265 1757 368 1827 supra
382 1743 650 1827 osp.31.37.48.)
670 1745 737 1808 hoo
757 1743 862 1807 etiam
873 1741 1007 1808 umeri
1016 1742 1154 1827 potuit,
1173 1742 1376 1809 Ciceronem
1395 1751 1430 1808 et
1449 1763 1470 1811 s
1488 1747 1617 1810 Getone
1638 1751 1673 1812 et

265 1831 465 1913 soonoione
475 1857 607 1932 patrem
618 1847 1055 1933 patriaeeuenominarum,
1075 1847 1312 1914 cummaxime
1326 1847 1358 1914 is
1372 1851 1486 1916 honos
1505 1855 1586 1916 ante
1604 1849 1673 1915 boe

266 1958 402 2036 tempus
419 1952 553 2019 nemini
573 1951 617 2016 sit
637 1950 785 2019 habitus.
805 1953 866 2016 sed
885 1952 958 2018 hsee
979 1951 1114 2018 narrari
1127 1973 1198 2018 non
1210 1961 1383 2038 poterant,
1402 1956 1489 2037 quin
1499 1955 1584 2019 item
1599 1956 1674 2020 cae·

266 2056 352 2122 suris
364 2055 492 2122 isoeret
503 2056 733 2141 mentionem,
753 2076 822 2139 quo
834 2067 973 2123 suetore
985 2057 1145 2122 Metellus
1158 2062 1282 2141 Nepos,
1305 2058 1465 2124 tribunus
1480 2056 1603 2142 plebis,
1617 2057 1674 2122 (li-

267 2162 403 2228 eeronis
421 2163 586 2226 laudibus
605 2179 709 2244 quom
728 2161 876 2226 maxime
895 2160 1109 2234 obtrectarit.
1130 2159 1191 2225 cfr.
1213 2149 1303 2226 Pl'ut.
1322 2159 1348 2237 1,
1370 2161 1396 2226 l.
1417 2170 1452 2227 et
1468 2160 1616 2249 Appisn.
1637 2165 1673 2229 B.

269 2265 341 2331 civ.
358 2269 402 2330 11.
424 2269 453 2334 6.
472 2289 502 2348 7.
1050 2327 1053 2334 .

351 2374 431 2457 Cap.
453 2373 538 2437 Lvl.
559 2366 666 2454 eopia
685 2370 709 2436 i.
722 2387 751 2436 e.
771 2369 996 2435 multitudine
1016 2388 1088 2435 non
1108 2389 1173 2454 pro
1194 2364 1310 2454 copiis
1329 2368 1476 2455 (lictum,
1498 2374 1594 2454 quod
1609 2373 1677 2438 sli-

271 2478 329 2543 oui
349 2477 461 2542 risum
482 2485 542 2542 est.
563 2475 623 2542 cfr.
646 2478 728 2546 Gaes.
749 2480 785 2541 B.
805 2477 846 2545 G.
871 2496 898 2540 r.
915 2477 975 2556 483
1007 2487 1040 2540 et
1059 2475 1152 2543 infra
1167 2479 1216 2540 tir.
1243 2496 1321 2558 que
1339 2476 1417 2541 loca
1436 2476 1592 2562 fuerunt,
1613 2479 1677 2563 qui

269 2583 372 2648 aliter
391 2582 708 2667 interpretarentur.
743 2578 908 2647 instituit
929 2580 955 2649 i.
967 2599 1000 2649 e.
1020 2599 1235 2666 comparere,
1257 2600 1389 2667 cogere.
1410 2581 1471 2646 cfr.
1488 2584 1566 2670 lug.
1582 2601 1630 2662 ¹4·
1644 2591 1680 2652 et

269 2683 344 2756 Lir.
363 2709 393 2772 7.
407 2693 439 2754 3.
459 2688 649 2753 amicitiam
667 2688 828 2754 instituit.
848 2690 989 2772 Eutrop.
1003 2687 1036 2752 s.
1050 2703 1079 2754 n.
1111 2687 1253 2752 classem
1273 2687 1435 2757 instituit.
1455 2692 1547 2774 spud
1569 2693 1680 2756 Caess-

270 2812 345 2859 rem
364 2794 525 2876 frequens
559 2803 609 2859 est
637 2796 701 2859 bso
721 2793 984 2882 significatione.
1026 2791 1086 2856 cfr.
1107 2796 1141 2855 Β.
1160 2793 1232 2858 Cir.
1253 2793 1363 2858 selem
1383 2799 1412 2860 3.
1426 2799 1483 2873 393
1505 2814 1531 2857 1.
1550 2796 1596 2856 16.
1618 2797 1680 2858 des

243 2899 250 2912 '
269 2900 405 2966 lectum.
425 2901 461 2962 B.
482 2899 525 2970 G.
544 2903 575 2960 3.
593 2900 621 2960 8.
644 2899 790 2984 remiges
810 2918 859 2963 ex.
876 2891 1070 2979 provincia
1089 2917 1219 2979 -pro
1240 2916 1404 2963 numero.
1424 2896 1448 2966 i.
1470 2917 1499 2974 e.
1518 2899 1557 2962 in
1568 2917 1681 2980 qusn-

270 3013 344 3068 tum
364 3023 427 3087 per
447 3002 600 3067 militum
621 3021 803 3067 numerum
824 2999 900 3065 fieri
921 3008 1044 3084 potest.
1082 2997 1208 3086 sociis,
1229 3000 1479 3080 conjurationis
1497 3001 1681 3089 intellige,

272 3108 378 3172 islsus
397 3115 448 3172 est
468 3109 623 3190 (lortius,
642 3106 705 3187 qui
724 3110 768 3169 sd
784 3109 1026 3170 Romanorum
1046 3104 1157 3168 socios
1176 3105 1243 3170 hoc
1264 3105 1379 3170 refert.
1408 3113 1563 3172 venerat.
1584 3111 1679 3190 quod

275 3214 380 3282 etism
399 3212 513 3278 Ilslioi
533 3211 619 3277 libri
640 3210 862 3294 confirment,
882 3209 976 3272 haud
997 3209 1103 3273 dubie
1121 3208 1344 3275 retinendum
1359 3233 1369 3292 3
1384 3231 1470 3276 num
1490 3219 1524 3276 et
1544 3232 1680 3281 accusor

274 3321 342 3386 tius
363 3329 397 3386 et
416 3319 607 3409 elegantius
628 3317 768 3383 dictum.
789 3313 1005 3398 aequaliter.
1024 3314 1047 3378 i.
1062 3335 1093 3384 e.
1116 3335 1235 3400 parem
1253 3336 1437 3381 numerum
1457 3318 1605 3404 singulis
1624 3339 1683 3386 co-

273 3427 434 3492 hortibus
449 3427 644 3491 tribuendn.
666 3419 982 3507 ampliusduobus.
1003 3421 1084 3488 setis
1107 3430 1243 3507 notum,
1264 3421 1376 3487 rarius
1389 3424 1576 3507 posthunc
1590 3443 1683 3493 com·

273 3532 469 3618 putativum
497 3551 594 3596 ossus
622 3527 804 3593 nominum
829 3527 968 3592 mutari.
1010 3527 1071 3600 eir.
1091 3529 1230 3604 Terent.
1250 3529 1397 3614 Adelph.
1412 3545 1443 3592 n.
1461 3550 1489 3597 1.
1509 3532 1560 3606 46.
1594 3532 1684 3614 plus

277 3636 494 3728 quingentos
515 3635 689 3722 colaphos
709 3627 863 3724 infregit
883 3627 983 3700 mili.
998 3636 1078 3700 Gaes
1098 3636 1133 3696 B.
1151 3633 1191 3697 G.
1208 3651 1239 3710 4.
1256 3651 1304 3700 rs.
1324 3636 1432 3709 ,Cum
1446 3653 1518 3697 nou
1534 3633 1685 3717 amplius

278 3743 496 3830 octingentos
516 3744 648 3825 equites
666 3739 837 3804 heberet.'’
853 3738 914 3804 cfr.
935 3739 1099 3804 lluddim.
1121 3740 1205 3811 lust,
1224 3741 1263 3800 L.
1283 3740 1321 3800 1.
1341 3739 1384 3800 11.
1407 3739 1476 3799 106.
1509 3737 1683 3804 contraris

276 3856 356 3912 sunt
377 3848 548 3934 exempla,
568 3844 715 3912 sCortio
736 3844 891 3922 laudata,
913 3847 1025 3908 Cesar
1033 3847 1067 3910 B.
1076 3845 1111 3904 C.
1127 3860 1158 3906 s.
1171 3863 1201 3924 7.
1223 3840 1514 3926 ,esstrssmplius
1526 3841 1684 3912 millibus

191 3955 193 3962 “
276 3973 437 4038 passuum
457 3958 549 4022 VIII.
569 3956 608 4020 ln
628 3951 848 4017 latitudinem
866 3949 1039 4036 petebant.
1071 3943 1296 4013 militaribus
1314 3942 1429 4012 armis
1442 3945 1466 4012 i.
1481 3969 1512 4024 e.
1524 3947 1617 4029 juna
1631 3968 1685 4015 sn

264 4058 418 4128 πιεῖν.
443 4063 537 4131 curt.
554 4078 584 4137 4.
604 4078 652 4137 rs.
676 4077 783 4122 casus
803 4063 1018 4120 mmavmat.
1039 4054 1129 4120 hano
1149 4052 1334 4120 verborum
1354 4059 1571 4139 structurum,
1589 4053 1686 4120 Salu-

281 4163 350 4229 stio
370 4164 644 4252 usitatissimum,
661 4165 734 4246 ism
752 4160 876 4248 sepius
895 4159 1125 4248 exposuimus.
1155 4179 1297 4247 sparos.
1331 4157 1391 4226 cir.
1417 4162 1501 4228 Aen.
1529 4159 1586 4220 xl.
1615 4163 1687 4226 682.
