4116 4970
210 313 367 376 'rr

333 530 453 578 sensus
470 511 519 574 ita
540 507 666 592 aperit,
687 511 726 569 ut
746 504 1091 594 nihil‘intelligentiae
1102 511 1225 571 nostre
1237 505 1308 572 vim
1320 511 1422 590 atque
1436 509 1615 575 notionem
1626 511 1748 598 sugere

333 615 610 702 posserideatur.
629 652 671 666 -
690 615 742 676 De
759 611 882 675 'forma‘
894 613 1220 680 commentariorum
1239 616 1306 677 boc
1319 615 1529 698 monuerim,
1549 595 1743 702 discrepan-

335 722 400 787 tias
419 721 610 804 scripturae,
632 718 858 806 ettiodicibus
876 718 1007 808 'Italicis
1028 726 1216 802 excerptas,
1235 719 1266 780 si
1287 722 1392 783 modo
1407 729 1528 784 notatu
1541 723 1654 808 digna
1673 743 1744 788 esse

334 826 555 909 videbantur,
579 844 634 889 me
652 826 778 888 iterum
799 824 1038 906 exprimendas
1059 842 1202 906 curasse,
1221 821 1271 886 ita
1290 832 1329 886 ut
1347 843 1410 888 suo
1422 828 1655 910 quaequeloco
1668 829 1744 892 lau-

334 935 415 994 data
438 929 492 995 sit.
531 933 597 994 Tot
616 931 789 994 bonorum
808 931 982 994 librorum
1000 930 1131 997 auxilio
1151 931 1348 1014 instructus,
1367 952 1439 994 nort
1458 953 1566 1016 pauca
1583 932 1659 996 loca
1668 954 1744 996 mu-

334 1039 439 1098 tanda
460 1056 531 1100 esse
552 1035 649 1120 duxi,
687 1035 878 1118 saepiusque
900 1035 1008 1098 Cortii
1029 1036 1255 1113 conjecturas,
1281 1045 1340 1099 aut
1368 1037 1552 1102 meliorum
1572 1035 1743 1101 librorum

333 1143 534 1205 auctoritate
555 1140 705 1222 firmavi,
725 1147 786 1202 aut
804 1143 957 1222 easdem,
977 1141 1167 1203 accuratius
1187 1141 1411 1226 examinatas,
1439 1162 1460 1204 a
1498 1142 1637 1206 Salustii
1665 1163 1743 1206 ora·

275 1261 277 1268 ’
332 1248 428 1312 tione
448 1245 676 1310 alienissimos
697 1263 777 1308 esse.
789 1243 902 1306 docui.
942 1246 1020 1328 Qua
1041 1245 1181 1328 quidem
1201 1245 1245 1308 in·
1260 1266 1298 1310 re
1319 1255 1420 1310 erunt
1439 1246 1591 1325 fortasse,
1612 1249 1673 1330 qui
1686 1270 1742 1314 me

190 1369 196 1388 ⁴
282 1400 290 1424 χ
333 1350 571 1414 inconstantiae
592 1349 811 1428 insimulent,
841 1353 936 1432 quod
957 1349 1080 1434 saepius
1100 1351 1269 1416 librorum
1289 1351 1495 1416 testimoniis
1513 1353 1591 1440 plus
1612 1354 1741 1418 tribue·

334 1459 412 1518 rim.
454 1455 590 1538 Neque,
619 1453 650 1517 si
676 1455 742 1516 hoc
765 1454 1047 1539 vituperandum,
1075 1477 1130 1519 me
1149 1459 1249 1540 culpa
1273 1477 1418 1520 vacuum
1440 1477 1511 1522 esse
1530 1466 1624 1542 puto.
1641 1461 1739 1546 Jam,

332 1561 454 1624 subtili
483 1560 677 1624 acutiorum
702 1543 857 1623 rirorum
872 1559 1008 1637 judicio
1035 1562 1223 1625 multorum
1243 1562 1400 1626 locorum
1419 1563 1651 1648 integritatem
1668 1585 1739 1628 esse
1759 1595 1764 1610 s

331 1666 539 1751 restitutam,
566 1687 622 1729 mc
648 1664 791 1746 quidem
822 1683 895 1727 non
910 1664 1082 1748 ‚praeterit‚
1111 1667 1245 1730 sedvel
1267 1668 1455 1730 acutissimi
1475 1667 1586 1730 critici
1606 1689 1678 1732 non
1699 1670 1737 1731 in

332 1753 495 1834 omnibus
515 1771 618 1833 rebus
638 1772 757 1832 eadem
777 1776 829 1836 ,est
849 1769 1040 1832 auctoritas.
1063 1771 1172 1832 multa
1193 1772 1297 1857 enim,
1316 1791 1392 1854 quaa
1412 1792 1485 1835 non
1498 1775 1541 1834 ad
1554 1775 1749 1837 verborum‘

331 1883 449 1942 sensus
468 1884 527 1938 aut
537 1879 731 1956 structuras,
749 1874 810 1956 sed
830 1876 874 1935 ad
895 1875 1008 1950 solum
1029 1874 1195 1938 orationis
1206 1885 1364 1940 ornatum
1377 1877 1568 1961 pertinent,
1590 1877 1738 1955 ejusmo-

332 1982 370 2042 di
397 1989 495 2062 sunt‚
528 1984 568 2040 ut
585 1977 654 2041 rix
681 1979 873 2061 probabilis
901 1978 991 2043 ratio
1022 1981 1123 2043 reddi
1148 1981 1270 2065 possit,
1299 2003 1403 2064 quam
1430 1981 1570 2045 dicendi
1590 1981 1737 2044 formam

331 2091 451 2147 auctor
469 2103 541 2167 prae
559 2082 680 2148 ceteris
700 2084 851 2170 elegerit.
893 2085 1027 2168 Quibus
1054 2085 1092 2148 in
1119 2085 1222 2171 locis,
1247 2087 1277 2149 si
1297 2088 1467 2150 librorum
1495 2107 1617 2171 parum
1645 2095 1737 2152 certa

332 2188 528 2252 {estimonio
554 2197 650 2272 sunt,
680 2191 774 2251 haud
803 2189 852 2252 ita
877 2192 1027 2254 multum
1053 2191 1256 2271 conjecturis
1276 2191 1508 2256 tribuendum
1537 2212 1609 2257 csse
1639 2201 1734 2276 puto.

234 2279 256 2378 ἰ
331 2295 423 2380 Quae'
436 2293 543 2378 igitur
562 2295 681 2378 magni
693 2293 762 2356 illi
789 2294 916 2379 critici,
945 2296 1009 2377 qui
1036 2296 1103 2359 soli
1123 2297 1192 2358 sibi
1211 2316 1329 2380 sapere
1348 2295 1525 2372 videntur,
1547 2297 1734 2359 certissima

325 2408 365 2463 et
379 2399 581 2462 ‘firmissima
602 2399 741 2482 dicunt,
772 2401 895 2481 abiis,
924 2398 994 2463 nisi
1014 2403 1201 2464 admodum
1221 2397 1418 2483 probabilia
1436 2409 1529 2481 sunt,
1561 2419 1734 2464 assensum

326 2503 491 2588 cohibeo²
530 2505 596 2566 Sed
616 2505 690 2566 baec
709 2504 891 2577 hactenus3
921 2523 966 2562 ne
997 2503 1131 2582 videar,
1166 2512 1329 2582 tanquam
1357 2523 1451 2586 reus,
1481 2502 1638 2581 judicum
1668 2505 1735 2567 mi-

330 2587 552 2671 sericordiam
572 2606 769 2688 implorare.
819 2606 920 2688 Apud
938 2604 1126 2668 malevolos
1143 2589 1240 2682 enim
1254 2626 1415 2690 censores
1434 2607 1559 2672 frustra
1579 2617 1612 2674 te
1633 2629 1734 2674 excu-

330 2713 473 2792 saveris3
501 2709 619 2792 aequis
634 2708 811 2787 judicibus
837 2708 917 2771 satis
938 2708 1067 2770 dictum
1086 2717 1181 2791 puto.

410 2840 538 2924 Scripsi
556 2843 696 2908 Borma
716 2837 883 2906 Kalendis
901 2838 1148 2905 Decembribus
1168 2837 1431 2904 MDCCCXXVI.
