4108 4976
1616 413 1691 507 stt

284 601 577 686 disponendarum
604 598 738 664 ratione
766 597 985 664 manifestum
1003 597 1054 662 fit.
1099 597 1206 664 Initio
1231 599 1334 687 libri,
1363 606 1542 687 postquam
1569 607 1615 670 de
1633 607 1689 671 bi·

283 705 399 772 storiae
409 706 597 772 scribendo
608 704 754 772 consilio
765 703 938 788 exposuit,
959 701 996 766 in
1010 704 1189 789 iugurthae
1201 705 1343 791 ingenio
1363 707 1586 792 moribusque
1605 710 1690 776 illu·-

283 810 433 876 strandis
459 819 625 895 versatur,
656 818 691 876 et
716 809 843 892 quibus
871 808 1002 874 artibus
1028 811 1072 872 ad
1095 827 1240 896 ragnum
1258 812 1469 895 pervenerit,
1493 813 1687 882 luculmrter

283 917 489 982 ostendit-
501 937 532 980 c.
548 937 595 998 ¹7·
623 915 678 980 bis
699 933 807 1000 pauca
826 921 906 978 sunt
924 911 1126 996 interposita
1146 915 1189 978 de
1207 915 1374 978 Romana
1393 915 1590 994 nobilitatis
1608 939 1688 984 aaa

282 1019 378 1100 ritia,
407 1022 533 1103 quibus
552 1019 696 1104 omissis,
714 1021 807 1106 regis
824 1018 966 1104 largitio
987 1017 1153 1084 illustrari
1170 1039 1244 1082 non
1259 1020 1388 1102 potuit.
1419 1023 1494 1084 Hac
1515 1022 1624 1106 igitur
1644 1027 1688 1089 de

283 1143 321 1188 re
341 1126 492 1209 primurn
513 1128 684 1210 agendum
705 1123 788 1208 fuit,
816 1125 910 1206 quod
930 1123 1013 1187 inde
1036 1123 1079 1185 ab
1101 1123 1204 1186 initio
1223 1124 1310 1187 belli
1329 1143 1437 1206 usquc
1457 1125 1626 1190 adfinem
1647 1128 1686 1191 in

281 1231 460 1315 iugurtha
482 1230 616 1294 callidis
636 1227 790 1312 consiliis
811 1227 928 1291 omnia
947 1227 1058 1312 posita
1078 1235 1166 1291 sunt.
1213 1229 1280 1292 Sed
1298 1237 1415 1312 postea
1437 1250 1515 1292 cum
1530 1229 1604 1308 jam
1624 1234 1685 1298 de-

281 1335 430 1398 scribere
451 1335 686 1420 aggrediatur,
705 1336 881 1417 quomodo
901 1333 1033 1397 bellum
1054 1336 1229 1396 Romanos
1247 1331 1339 1397 inter
1358 1340 1392 1400 et
1404 1335 1609 1418 Jugurtbam
1627 1353 1686 1398 or·

283 1445 355 1500 tum
377 1440 436 1523 sit,
457 1440 608 1523 primum
630 1448 787 1502 naturam
807 1447 841 1502 et
862 1437 966 1501 situm
987 1437 1140 1500 locorum
1163 1437 1326 1516 illustrat3
1352 1457 1421 1520 quo
1443 1437 1585 1520 quidem
1602 1441 1683 1503 loco

283 1540 321 1603 id
342 1543 643 1627 animadvertitur,
670 1543 765 1621 cujus
786 1541 838 1608 rei
857 1540 897 1604 iu
917 1542 1139 1607 historiarum
1159 1541 1261 1605 libris
1282 1542 1390 1605 multa
1412 1542 1607 1608 testimonis
1627 1566 1683 1610 ex·

280 1652 387 1729 stant,
414 1647 598 1711 Salustium
618 1648 656 1710 in
678 1647 872 1731 originibus
890 1646 1099 1728 populorum
1120 1646 1331 1726 explicandis
1350 1647 1606 1728 antiquissimas
1631 1649 1684 1712 ia·

280 1745 380 1812 bulas
399 1751 511 1832 sequi,
548 1751 677 1832 quippe
705 1766 789 1827 quas
809 1749 854 1808 ad
873 1748 1050 1808 veritatem
1071 1747 1215 1828 propius
1234 1750 1394 1810 accedere
1412 1751 1546 1832 statuit,
1576 1771 1682 1834 quam

279 1852 445 1914 seriorum
467 1853 691 1934 interpretum
707 1847 849 1927 judicia.
861 1868 984 1931 -cap.
998 1866 1048 1913 ao.
1088 1847 1273 1929 Sequentia
1292 1869 1401 1931 usque
1420 1854 1464 1913 ad
1482 1873 1555 1937 cap.
1567 1871 1617 1930 40.
1639 1877 1681 1922 eo

277 1963 447 2038 spectant,
476 1961 514 2017 ut
540 1953 760 2038 optimatium
789 1971 901 2016 mores
919 1951 1073 2035 perversi
1093 1951 1283 2016 accuratius
1304 1965 1526 2039 exponantur.
1567 1961 1682 2044 Quare

279 2077 333 2123 res
352 2058 494 2122 bellicas
519 2059 668 2124 breviter
686 2057 817 2143 attigit,
846 2056 964 2120 sedin
984 2055 1179 2139 principum
1202 2057 1349 2122 civitatis
1366 2059 1461 2124 vitiis
1479 2067 1680 2130 enarrandis

280 2164 408 2227 multus
428 2173 532 2232 estet
553 2163 720 2248 copiosus.
759 2165 801 2226 ln
811 2161 945 2225 Metelli
965 2163 1067 2225 rebus
1087 2161 1300 2226 illustrandis
1320 2162 1623 2250 diligentissimum
1644 2189 1681 2236 se

277 2271 419 2353 praebet
438 2269 614 2332 Salustius.
630 2307 673 2320 -
690 2288 762 2351 cap.
775 2269 824 2344 84.
846 2264 1065 2350 disciplinam
1086 2267 1130 2328 ab
1151 2286 1192 2331 co
1213 2268 1402 2332 restitutam
1423 2285 1679 2359 commemorat,

278 2383 408 2454 quanto
430 2372 576 2437 consilio
600 2380 702 2454 atque
727 2370 853 2434 virtute
878 2370 1010 2435 bellurn
1032 2370 1173 2456 gesserit
1193 2380 1226 2436 et
1246 2373 1316 2436 suis
1334 2371 1464 2437 artibus
1483 2395 1599 2462 regem
1618 2395 1679 2464 pe-

278 2477 411 2560 tiverit,
422 2476 672 2541 accuratissime
683 2474 832 2559 exponit.
853 2475 969 2538 Sedin
986 2484 1079 2538 tanta
1090 2475 1275 2562 diligentia
1286 2497 1359 2541 non
1373 2477 1507 2563 omnia,
1528 2503 1605 2562 quae
1616 2503 1680 2568 per

276 2590 344 2646 tres
358 2580 518 2665 deinceps
532 2601 641 2646 annos
655 2583 706 2644 aJ
708 2583 855 2668 ugurtha
865 2582 954 2645 bene
967 2589 1001 2644 et
1017 2581 1107 2646 male
1120 2591 1212 2667 gesta
1227 2582 1307 2667 sint,
1321 2592 1473 2668 enarrat,
1493 2588 1553 2650 sed
1573 2591 1679 2656 totius

276 2685 364 2749 belli
375 2687 560 2770 rationem,
581 2686 791 2754 atrocissima
804 2686 941 2772 praelia,
955 2686 1223 2776 expugnationes
1234 2686 1390 2768 urbium,
1405 2687 1547 2753 insidias
1558 2692 1601 2753 ab
1613 2695 1680 2756 bo·

275 2789 384 2854 stibus
402 2797 562 2866 structas,
583 2791 897 2872 imperatorumque
918 2791 1062 2855 consilia
1082 2791 1251 2862 illustrata
1270 2797 1392 2864 cetera,
1413 2809 1489 2872 quac
1508 2795 1618 2858 multa
1636 2796 1678 2860 in

275 2892 378 2958 bellis
397 2893 552 2956 accidere
572 2893 699 2975 solent,
720 2895 780 2955 sed
799 2892 930 2958 leviora
950 2900 1039 2978 sunt,
1059 2911 1079 2954 a
1099 2891 1246 2956 consilio
1265 2911 1329 2956 suo
1344 2893 1458 2956 aliena
1472 2895 1579 2959 duxit.
1597 2901 1675 2964 lam

274 2999 318 3062 de
344 2995 507 3061 Philaenis
533 2995 694 3060 iratribus
720 2996 815 3076 quod
843 2993 1090 3080 digressionem
1116 2995 1209 3077 iecit,
1241 2994 1281 3056 id
1310 3016 1351 3060 eo
1379 2997 1525 3060 consilio
1553 2999 1678 3068 fecisse

272 3097 1674 3185 videtur,utuohilelactumCarthaginiensiumctiamlatinislibrisillustraretur.
1761 3173 1764 3182 ,

273 3205 342 3270 Sed
367 3207 450 3270 inde
474 3224 494 3267 a
516 3205 627 3287 capite
648 3205 698 3281 84.
718 3185 826 3285 usqne
847 3207 891 3267 ad
912 3204 1015 3267 finem
1035 3201 1120 3265 libri
1140 3202 1178 3264 in
1199 3202 1302 3265 Marii
1322 3202 1449 3270 virtute
1468 3205 1674 3276 illustranda

275 3318 366 3373 totus
385 3317 445 3374 est.
486 3309 589 3387 Cujus
609 3309 789 3395 ingenium
810 3319 1021 3393 quantopere
1041 3307 1318 3392 prestantissima
1337 3308 1399 3372 illa
1420 3311 1576 3378 oratione
1590 3335 1675 3401 ape-

273 3415 396 3496 riatur,
424 3433 526 3496 supra
554 3421 779 3477 memoratum
810 3423 869 3476 est.
910 3415 976 3476 Sed
997 3413 1100 3475 etiam
1121 3421 1248 3476 ceteras
1268 3432 1322 3476 res
1347 3414 1391 3476 ab
1413 3434 1454 3479 eo
1475 3427 1584 3504 gestas
1605 3432 1674 3488 tam

272 3519 466 3584 luculenter
486 3517 657 3601 exposuit,
683 3527 722 3580 ut
741 3516 841 3582 facile
865 3517 1055 3604 intelligas,
1083 3514 1267 3581 Salustium
1297 3519 1399 3583 Marii
1426 3519 1548 3588 virtuti
1573 3536 1675 3610 atque

273 3622 420 3688 solertiae
439 3621 628 3706 plurimum
650 3621 809 3686 tribuere.
861 3617 978 3703 Neque
999 3633 1114 3685 tamen
1134 3622 1212 3705 plus
1226 3621 1320 3701 justo
1340 3646 1418 3687 eum
1438 3627 1593 3693 laudasse
1607 3652 1673 3715 pu·

273 3727 396 3790 tandus
415 3733 477 3804 est3
516 3746 588 3790 non
615 3724 709 3794 enim
736 3725 850 3790 verbis
878 3726 982 3790 Marii
1009 3728 1116 3789 virtus
1135 3727 1178 3786 ab
1207 3734 1345 3790 auctore
1365 3737 1521 3810 ornatur,
1551 3736 1672 3800 sedin

271 3830 375 3894 rebus
402 3830 561 3915 gerendis
589 3829 718 3893 eminet
748 3838 781 3892 et
810 3830 937 3914 elucet,
965 3830 1014 3892 ita
1040 3839 1078 3890 ut
1104 3828 1314 3891 dissimulari
1341 3851 1412 3893 non
1439 3833 1556 3916 possit.
1604 3841 1670 3904 Sed

272 3933 428 4016 quamvis
456 3936 584 3998 Marius
613 3942 743 3995 tantam
770 3932 824 3998 sui
850 3931 1012 3996 omnibus
1032 3929 1163 4034 injiciat
1193 3931 1474 4020 admirationem,
1506 3953 1670 4019 wentam

272 4041 391 4122 debet,
411 4049 522 4103 tamen
534 4039 606 4117 ejus
617 4037 715 4101 factis
726 4036 829 4100 satta
842 4037 988 4122 gloriam
999 4033 1174 4100 obscurari
1184 4055 1256 4098 non
1265 4034 1575 4128 patiturSalustius,
1595 4044 1667 4112 imo

271 4145 452 4210 manifesto
465 4143 611 4218 coniecti
621 4143 706 4207 belli
717 4142 853 4205 laudern
866 4142 901 4205 in
913 4162 990 4204 eum
1005 4141 1146 4206 confert.
1159 4143 1271 4226 Quare
1282 4143 1310 4205 si
1320 4143 1386 4207 ulli
1396 4165 1547 4228 unquam
1559 4150 1668 4236 scrip·

271 4249 340 4315 tori
356 4250 423 4317 hoc
443 4248 557 4316 dicere
577 4247 691 4331 licuit,
725 4247 793 4313 sibi
813 4267 833 4311 a
853 4248 1007 4334 partibus
1026 4246 1225 4338 reipublicae
1245 4246 1395 4313 liberum
1428 4252 1583 4318 animum
1614 4253 1668 4322 lu-
