4116 4970
372 385 421 462 62

371 579 452 665 plen
470 573 680 659 infinitivus,
701 580 740 638 ut
760 573 891 661 sepius.
912 577 956 640 de
976 593 1013 639 re
1035 573 1221 640 einsenec.
1242 579 1301 658 Ep.
1318 573 1367 655 89.
1389 579 1423 639 et
1442 573 1518 638 sul.
1533 573 1621 640 Gell.
1637 577 1676 638 N.
1690 573 1728 636 Α.
1745 595 1776 655 7.

373 686 423 746 16.
434 677 575 769 frigus.
595 699 672 743 cum
692 679 730 743 in
751 681 1029 746 antecedentibus
1050 679 1264 764 exposuerit,
1285 701 1361 762 qua
1377 679 1546 743 luxuriosi
1560 688 1680 743 contra
1694 699 1778 742 con·

371 783 591 849 suetudinem
611 793 739 849 natura
760 785 871 850 lacere
893 787 1048 869 soleant,
1063 788 1131 850 hoc
1149 785 1265 870 potius
1284 787 1328 846 ad
1346 784 1532 848 mollitiam
1551 791 1691 868 spectat.
1720 781 1779 846 in-

372 887 579 975 telliguntur
598 889 690 954 enim
710 889 877 974 porticus,
908 890 1034 972 quibus
1054 889 1313 974 opulentiorum
1333 893 1455 954 domus
1476 889 1597 952 cincta
1618 887 1778 972 luerunt,

374 1002 413 1058 ut
433 994 472 1058 in
491 995 615 1056 umbra
635 995 870 1078 spatiarentur.
893 995 954 1058 clr.
975 995 1121 1057 Martial.
1142 993 1371 1080 Epigr.11.4.
1391 996 1420 1058 8.
1459 989 1637 1077 Pompeia
1658 995 1779 1055 lentus

373 1095 538 1182 spatiare
563 1097 632 1162 sub
663 1099 792 1163 umbra
813 1099 836 1160 i.
858 1119 886 1162 e.
912 1099 1058 1182 porticu.
1085 1099 1195 1182 possis
1222 1099 1325 1162 etiarn
1354 1099 1549 1183 intelligere
1577 1103 1725 1184 cryptas
1745 1103 1780 1160 et

375 1202 541 1292 hypogea
561 1207 604 1268 de
624 1203 750 1287 quibus
769 1204 900 1268 Vitruv.
930 1207 957 1264 6.
973 1205 1001 1264 8.
1019 1213 1052 1266 et
1070 1225 1118 1271 ιι.
1139 1223 1222 1286 quas
1242 1205 1335 1268 idem
1362 1205 1547 1288 hypogaeas
1574 1198 1780 1264 ambulatio·

375 1327 436 1371 nes
465 1311 627 1393 appellat.
658 1311 701 1372 de
730 1307 785 1370 his
811 1310 966 1370 Ambros.
995 1310 1055 1390 Ep.
1085 1323 1133 1368 rs.
1165 1305 1462 1374 Luxuriosorum
1491 1314 1562 1390 est,
1590 1303 1779 1392 hypogaea

376 1433 565 1494 quaerere,
587 1410 815 1496 captantium
826 1408 957 1500 frigus
977 1408 1164 1488 aestivum,
1187 1433 1228 1476 eo
1244 1413 1344 1494 quod
1355 1407 1512 1477 resoluti
1535 1404 1674 1474 deliciis
1702 1427 1781 1470 aes-

378 1521 440 1578 tus
459 1511 571 1578 aliter
581 1510 689 1605 serre
706 1537 751 1578 ae
772 1519 932 1580 tolerare
952 1523 1148 1597 nequeant,
1170 1523 1205 1579 et
1226 1513 1305 1582 ideo
1328 1521 1510 1599 quaerunt
1529 1513 1699 1576 umbrosa
1713 1531 1777 1595 pe-

378 1615 570 1686 netralia:
600 1621 654 1690 vel
673 1619 773 1701 quod
789 1617 960 1684 desidiosi
978 1617 1113 1708 ignara
1133 1620 1198 1683 sub
1221 1618 1331 1684 terris
1350 1628 1469 1710 agant
1500 1614 1590 1683 otia.
1627 1615 1691 1679 alii
1719 1613 1780 1677 fri·

379 1739 452 1805 gus
473 1723 517 1784 ad
537 1723 674 1786 flabella
695 1724 903 1807 retulerunt,
931 1725 1057 1807 quibus
1078 1725 1167 1788 servi
1186 1733 1327 1790 ventum
1342 1725 1453 1790 facere
1469 1722 1686 1788 iubebantur.
1709 1723 1781 1784 las-

377 1821 584 1889 situdinem.
603 1836 753 1910 spectare
773 1830 840 1892 hoe
866 1829 1003 1894 videtur
1023 1833 1066 1893 ad
1085 1829 1179 1894 varia
1200 1830 1354 1914 corporis
1366 1827 1545 1911 exercitia,
1564 1845 1640 1909 quae
1661 1827 1705 1888 ad
1725 1823 1772 1886 ir-

378 1929 551 1993 ritandam
572 1929 697 1994 famem
718 1940 752 1996 et
771 1953 930 1996 somnum
951 1933 1207 1996 conciliandum
1228 1935 1369 1998 inventa
1388 1943 1476 1998 sunt.
1502 1932 1562 1995 cfr.
1581 1931 1699 1994 Sidon.
1718 1930 1779 2012 Ep·

378 2035 406 2096 1.
422 2055 451 2114 9.
471 2035 638 2098 Excusso
662 2042 813 2120 torpore
832 2035 1036 2103 meridiano
1046 2038 1238 2124 paulisper
1252 2037 1524 2122 equitabamus,
1545 2056 1616 2118 quo
1623 2031 1783 2125 saerlius

375 2144 531 2238 pectora
559 2135 724 2204 marcida
746 2138 859 2225 cibis,
893 2140 1135 2210 coenatoriae
1144 2140 1249 2234 fami
1269 2161 1535 2208 eeacuerernus.
1578 2143 1630 2203 De
1649 2133 1784 2200 Balneis

379 2242 630 2307 Artemidorum
641 2245 838 2330 ..Balnennn
851 2247 977 2334 inquit,
995 2250 1085 2313 nibil
1096 2250 1193 2314 aliud
1206 2269 1267 2312 suo
1277 2269 1359 2312 aevo
1371 2247 1476 2310 fuisse
1490 2264 1593 2327 quam
1604 2242 1784 2306 transitum

379 2347 426 2409 ad
443 2349 608 2410 eoenam.”
635 2350 702 2412 Sed
722 2352 856 2414 deluxu
872 2355 973 2416 multi
985 2366 1063 2417 sunt
1076 2364 1229 2420 auctores
1245 2353 1391 2436 antiqui,
1410 2347 1712 2432 Senecainprirnis,
1723 2345 1786 2427 qui

380 2451 506 2536 passim
517 2453 625 2518 aetatis
638 2475 706 2520 sua·
726 2456 811 2519 vitia
833 2458 988 2542 exagitat.
1011 2459 1071 2523 cir.
1091 2462 1150 2544 Ep.
1166 2461 1215 2523 55.
1233 2460 1282 2538 95.
1301 2474 1369 2518 ιιι.
1390 2455 1526 2518 Consol.
1547 2455 1589 2514 ad
1599 2451 1786 2530 Helv.9.ds

381 2555 604 2616 Providentia
623 2578 649 2617 1.
661 2555 876 2644 familiares
897 2580 979 2641 opes
1000 2563 1024 2624 i.
1044 2584 1072 2625 e.
1114 2585 1167 2626 res
1189 2564 1394 2645 familiares,
1418 2559 1677 2644 patrimonium.
1710 2575 1785 2617 ma-

383 2651 430 2718 lis
450 2654 593 2719 artibus
612 2657 693 2720 vide
712 2678 822 2741 supra.
846 2658 1012 2724 libidines
1026 2700 1068 2715 -
1088 2685 1160 2728 non
1183 2667 1400 2750 cupiditates,
1420 2669 1479 2729 sed
1499 2665 1689 2748 voluptates
1708 2677 1784 2722 cor-

381 2760 475 2846 poris
504 2761 775 2848 intelliguntur,
804 2763 936 2845 quibus
962 2763 1106 2844 juvenes
1136 2769 1246 2834 dediti
1275 2779 1380 2836 erant.
1396 2766 1552 2860 profuse
1578 2767 1601 2830 i.
1617 2787 1647 2834 e.
1670 2757 1784 2828 effuse.

384 2865 446 2931 cfr.
467 2867 555 2930 Gell.
582 2890 608 2929 1.
635 2869 664 2930 5.
680 2865 830 2950 prolire
848 2866 1076 2958 profuseque
1103 2875 1267 2942 laudare.
1296 2874 1369 2941 Liv.
1403 2895 1450 2937 ιο.
1468 2877 1516 2936 26.
1540 2871 1659 2936 consul
1678 2868 1785 2933 obsti-

391 2971 436 3036 tit
453 2969 594 3057 profuse
615 2975 836 3037 tendentibus
857 2975 927 3038 suis
949 2976 986 3038 in
999 2988 1115 3042 castra.

465 3081 544 3160 Cap.
559 3080 646 3142 XIV.
669 3077 842 3144 Omnium
852 3075 1092 3169 flagitiorum
1116 3093 1227 3170 atque
1235 3078 1467 3175 facinorum.
1488 3083 1586 3144 Hanc
1603 3079 1786 3143 lectionem

384 3179 562 3244 exitalicis
582 3181 688 3241 Codd.
708 3181 801 3243 solus
812 3185 902 3251 Flor.
920 3206 946 3243 ι.
958 3188 1136 3250 confirmat
1149 3201 1180 3252 et
1193 3192 1390 3254 scholiastes
1397 3189 1513 3251 addit:
1534 3188 1612 3270 plus
1623 3196 1670 3248 est
1681 3203 1783 3266 quarn

383 3283 642 3368 flagitiosorum.
680 3303 791 3362 neque
819 3285 964 3346 dubium
995 3299 1068 3372 est,
1097 3292 1194 3353 illam
1216 3295 1399 3356 lectionem
1420 3313 1490 3358 esse
1519 3291 1784 3377 preelerendam,

384 3390 445 3450 sed
466 3389 617 3449 notanda
636 3387 820 3451 locutionis
841 3386 1042 3470 insolentia3
1065 3397 1266 3476 quaeCurtii
1288 3397 1396 3483 magis
1417 3418 1522 3479 quam
1543 3395 1683 3459 Salustii
1707 3411 1785 3457 ora·

385 3491 476 3554 tioni
496 3499 722 3553 consentanea
751 3511 822 3554 esse
849 3491 994 3560 videtur.
1028 3496 1224 3579 stipatores
1245 3503 1383 3587 proprie
1413 3502 1565 3584 corporis
1586 3487 1705 3586 regum
1726 3519 1786 3560 cu-

385 3597 500 3660 stodes
514 3595 724 3662 dicebantur.
744 3590 1012 3657 cfr.VarrodeL.
1028 3601 1134 3663 LVI.
1148 3607 1177 3674 3,
1199 3607 1361 3671 Latrones
1369 3607 1452 3670 dicti
1470 3607 1618 3689 aluere,
1640 3605 1702 3687 qui
1721 3603 1786 3666 cir.

387 3721 464 3765 cum
482 3703 590 3767 latera
611 3708 707 3765 erant
725 3698 817 3785 regi,
845 3721 931 3782 quos
950 3710 1067 3786 postea
1094 3726 1115 3769 a
1141 3709 1324 3793 stipatione
1352 3713 1530 3796 stipatores
1559 3710 1786 3794 appellarunt.

387 3799 589 3886 impudicus
609 3805 749 3882 uadetis
776 3806 838 3888 qui
857 3808 1040 3874 muliebria
1059 3815 1197 3897 patitur.
1221 3827 1341 3880 ventre
1365 3836 1476 3880 manu
1490 3836 1585 3897 pene
1608 3814 1704 3878 bona
1725 3821 1784 3876 etc.

386 3905 478 3970 Flor.
495 3930 520 3968 1.
542 3912 766 3974 laceraverat
787 3911 810 3974 i.
824 3931 852 3973 e.
874 3912 1083 3998 distrahere,
1104 3915 1289 3977 absumere.
1313 3915 1371 3978 cfr.
1393 3919 1501 3979 Plaut.
1524 3921 1627 3981 Mero.
1648 3917 1783 4000 ΡιοΙοςΙ

387 4012 438 4088 48,
460 4011 542 4072 (lato
563 4015 655 4094 apud
673 4016 764 4079 Serv.
786 4021 830 4079 ad
852 4014 945 4099 Virg.
968 4017 1081 4100 Eclog.
1104 4020 1132 4078 6.
1156 4020 1204 4097 76.
1240 4017 1332 4082 Cum
1360 4021 1529 4086 Annibal
1547 4035 1684 4086 terram
1706 4025 1787 4087 Ita-

387 4111 477 4178 liam
498 4117 680 4178 lacerarel
701 4128 812 4200 atque
837 4129 991 4186 vexaret.
1013 4122 1071 4183 sed
1100 4121 1202 4182 etiam
1231 4125 1323 4204 apud
1344 4124 1411 4186 Cic.
1434 4125 1529 4189 Ollio.
1556 4148 1583 4188 1.
1606 4149 1653 4207 ¹7.
1685 4121 1788 4190 omni

386 4221 520 4285 scelere
532 4215 700 4305 patriam
721 4224 895 4288 lacerare.
917 4231 1066 4290 ceterum
1085 4244 1198 4288 manu
1217 4228 1251 4289 h.
1266 4228 1289 4290 l.
1311 4237 1360 4294 est
1379 4232 1525 4314 pecunia
1547 4233 1694 4296 talorum
1710 4229 1786 4309 jae·
