4116 4970
373 429 422 504 26

372 596 469 682 landi
490 615 616 681 genus,
632 597 725 676 quod
738 597 935 660 etNardinii
948 594 1211 682 aetatevigebat,
1228 603 1262 660 et
1281 595 1386 658 bodie
1410 597 1524 676 floret,
1552 593 1615 658 tibi
1635 615 1776 678 quoqne

371 703 591 764 vehementer
623 700 848 785 displicuisse.
891 705 977 764 Nam
1007 701 1081 764 sola
1110 701 1256 764 certiora
1282 700 1433 782 notabo,
1462 697 1595 760 etiamsi
1611 700 1776 782 pleraque

370 804 569 890 pervulgata
584 804 665 867 sint.

450 909 532 970 Jure
545 908 737 972 Salustiana
754 907 870 972 vocari
898 929 939 972 ea
958 911 1097 994 rudera,
1117 929 1193 993 quae
1204 908 1378 995 Quirinali
1395 909 1680 991 hortulornmqne
1694 909 1779 972 colli

376 1011 566 1075 conliniaa
593 1013 823 1096 septentrione
850 1016 894 1076 ad
926 1013 1094 1077 orientem
1116 1033 1231 1078 versus
1254 1011 1432 1075 Aureliani
1453 1012 1577 1076 moenia
1603 1012 1777 1094 adjacent,

376 1135 454 1177 eum
480 1115 679 1198 posterioris
709 1117 772 1180 aevi
799 1120 898 1180 docet
925 1118 1107 1202 memoria,
1140 1128 1213 1181 tum
1230 1125 1386 1206 veterum
1411 1125 1589 1178 auctorum
1625 1117 1779 1180 testimo·

378 1218 436 1280 nia
452 1219 672 1304 ipsorumque
688 1223 850 1283 ruderum
871 1221 1024 1306 vestigia.
1052 1220 1266 1284 Traditionis
1287 1221 1380 1284 testis
1397 1230 1446 1284 est
1456 1223 1607 1286 Andreas
1626 1219 1779 1298 Fulvius,

378 1324 493 1406 Antiq.
518 1329 618 1390 Rom.
638 1326 714 1387 Lib.
728 1327 771 1388 11.
791 1325 864 1388 Col.
877 1327 994 1391 XXIV.
1013 1327 1076 1388 ΑΛ
1095 1326 1233 1388 Exstant
1252 1328 1365 1388 adhuc
1384 1327 1562 1388 hortorum
1589 1325 1779 1408 (supraque

381 1447 440 1492 eos
455 1428 522 1490 fori
539 1429 774 1510 ib.xx111.ss.)
792 1429 1062 1493 Salustianorum
1076 1428 1262 1514 vestigiain
1282 1429 1572 1514 protundaralle3
1592 1447 1714 1513 parum
1726 1428 1781 1490 in-

378 1537 431 1592 tra
447 1541 582 1615 portam
600 1533 762 1594 Salariam
782 1533 876 1596 inter
891 1541 1043 1596 montem
1056 1532 1271 1619 Quirinalem
1298 1543 1331 1598 et
1352 1532 1476 1597 collem
1497 1531 1779 1596 hortulorum...

380 1639 491 1698 Locus
502 1646 614 1700 autem
621 1657 719 1701 nunc
731 1637 775 1700 ab
793 1632 925 1702 incolis
942 1633 1079 1702 dicitur
1096 1645 1267 1720 corrupte
1276 1635 1505 1700 Salustrium.
1530 1639 1625 1698 Adde
1635 1636 1780 1698 Lucium

382 1741 536 1803 Faunum
557 1741 715 1824 (Antich.
735 1741 772 1804 di
792 1745 912 1806 Roma.
933 1742 1008 1804 Lib.
1025 1744 1079 1806 lv.
1101 1762 1173 1825 cap.
1193 1741 1262 1824 ro.)
1283 1741 1345 1822 qui
1365 1749 1398 1804 et
1418 1741 1521 1803 situm
1540 1743 1701 1814 ruderum
1724 1757 1781 1802 ao-

384 1843 533 1906 curatius
552 1845 723 1929 designat,
753 1863 861 1928 eaque
887 1845 1002 1908 vicina
1031 1845 1180 1909 ecclesie
1212 1846 1247 1908 S.
1260 1846 1421 1907 Susannae
1440 1843 1548 1906 dicit:
1577 1843 1779 1908 Salustrico

379 1967 506 2028 pressa
527 1949 564 2012 la
584 1949 703 2011 chiesa
724 1944 763 2011 di
788 1955 819 2014 S.
839 1951 1018 2012 Susanna.
1051 1949 1184 2031 Quibus
1208 1947 1411 2010 testimoniis
1431 1948 1595 2009 accedunt
1620 1945 1727 2030 ipsius
1749 1947 1781 2008 S.

385 2050 546 2116 Susannae
565 2061 639 2114 acta
663 2055 754 2134 apud
779 2053 964 2115 Beronium
985 2052 1108 2116 Annal.
1129 2051 1245 2117 eccles.
1270 2069 1350 2114 ann.
1371 2051 1439 2132 295.
1481 2051 1585 2124 «Erat
1602 2049 1781 2128 conjuncta

388 2153 462 2216 Caii
482 2158 603 2218 domus
619 2177 697 2218 curn
714 2156 844 2220 aedibus
853 2158 1056 2220 &Susanna
1073 2165 1106 2220 et
1118 2155 1261 2219 Gabinii
1275 2155 1361 2240 (sic)
1374 2155 1481 2239 patris
1495 2153 1581 2231 ejus:
1602 2151 1782 2216 factasunt

389 2257 461 2319 haec
476 2257 513 2320 in
532 2259 673 2344 regione
685 2269 777 2324 sexta
793 2263 884 2344 apud
902 2261 1017 2324 vicum
1038 2259 1206 2324 Mamurri
1223 2269 1301 2324 ante
1316 2259 1428 2324 sorum
1443 2257 1648 2321 Salustii....
1667 2257 1783 2323 Perse-

389 2369 483 2424 verat
505 2363 668 2426 hactenus
690 2363 819 2428 nobilis
841 2365 1007 2428 memoria
1026 2366 1059 2428 S.
1076 2349 1238 2429 Susanna
1258 2363 1381 2449 (dictae
1404 2366 1448 2426 ad
1473 2365 1556 2425 duas
1580 2360 1725 2444 domos)
1745 2360 1782 2423 in

390 2467 511 2528 eodem
531 2465 619 2530 loco.
657 2467 762 2532 Vides
787 2475 825 2532 ut
847 2469 1032 2533 traditione
1053 2478 1087 2534 et
1105 2467 1258 2554 regionis
1274 2467 1351 2532 altae
1374 2466 1524 2550 Semitas,
1545 2476 1664 2546 quaet
1687 2485 1707 2527 a
1730 2485 1788 2528 re-

391 2565 555 2650 gionariis
585 2577 617 2629 et
641 2571 684 2630 ab
710 2570 900 2653 imperialis
919 2573 1050 2634 notitiae
1077 2573 1273 2635 auctoribus
1300 2572 1395 2634 horti
1419 2570 1603 2634 Salustiani
1629 2569 1687 2632 siti
1714 2587 1784 2632 csse

392 2668 576 2751 dicuntur,
612 2679 645 2732 et
670 2671 778 2755 ipsius
810 2673 977 2736 Mamurri
1000 2675 1065 2738 riae
1095 2675 1261 2740 memoria
1294 2683 1423 2738 servata
1447 2673 1572 2738 fuerit:
1600 2672 1726 2736 dixeris
1752 2682 1785 2735 et

390 2771 529 2836 Salustii
552 2772 686 2859 sorum,
713 2795 919 2859 quamquam
956 2777 1070 2842 nescio
1097 2798 1141 2841 an
1165 2778 1280 2843 minor
1306 2779 1388 2843 huic
1410 2779 1461 2842 rei
1486 2778 1570 2846 fides
1604 2777 1786 2841 tribuenda

392 2877 446 2942 sit.
477 2880 560 2942 Cum
573 2879 666 2942 enim
685 2879 722 2942 in
742 2892 873 2946 remota
896 2882 1098 2946 deliciarum
1118 2886 1197 2948 sede
1219 2883 1333 2949 forum
1354 2892 1556 2948 exstructum
1582 2881 1704 2964 tuisse,
1725 2901 1788 2964 pa·-

392 3005 468 3052 rum
487 2983 668 3067 probabile
692 3003 763 3050 csse
781 2986 957 3072 rideatur,
984 2997 1087 3069 atque
1107 2989 1173 3052 soli
1195 2989 1308 3052 dubiae
1331 2987 1414 3050 fidei
1441 2985 1649 3072 regionarii,
1669 2985 1788 3048 Victor

393 3097 425 3152 et
438 3088 568 3171 Rufus,
598 3110 744 3170 quorum
770 3092 896 3156 tabulis
920 3092 1029 3155 multa
1058 3091 1142 3156 falsa
1166 3093 1330 3156 videntur
1348 3111 1419 3156 esse
1447 3089 1665 3174 interposita,
1686 3088 1788 3166 hujus

394 3189 462 3252 fori
476 3191 688 3254 mentionem
709 3193 835 3256 faciant
847 3237 858 3275 ,
879 3198 1116 3278 pervulgatum
1141 3197 1317 3258 Salustrici
1342 3214 1468 3256 nomen
1492 3192 1677 3256 serioribns
1702 3201 1791 3256 tem-

393 3293 536 3378 poribus
561 3292 599 3354 in
624 3293 738 3356 forum
760 3304 927 3358 mutatum
947 3297 1050 3361 luisse
1068 3300 1247 3380 putaveris.
1287 3339 1304 3372 «
1319 3299 1479 3362 Dubitari
1498 3321 1568 3362 non
1590 3307 1700 3384 potest
1723 3317 1790 3380 pro

394 3396 496 3460 solito
515 3416 577 3461 suo
591 3399 854 3483 argumentandi
870 3419 1012 3485 genere,
1032 3401 1220 3466 Nardinius
1242 3401 1375 3487 inquit,
1401 3403 1485 3484 quin
1504 3403 1668 3466 Salustius
1691 3402 1789 3466 habi-

397 3501 517 3564 taverit
539 3501 576 3562 in
593 3501 669 3564 foro
685 3521 757 3566 suo.
768 3503 787 3534 ”
814 3505 924 3587 Quam
938 3505 1079 3585 quidem
1096 3507 1326 3585 conjecturam
1344 3506 1463 3570 falsam
1481 3527 1568 3592 esse,
1588 3508 1789 3590 comprobat

398 3603 558 3690 Procopii
578 3604 812 3669 testimonium
834 3608 894 3672 cfr.
907 3609 988 3672 bell.
1007 3609 1152 3673 vandal.
1167 3613 1191 3676 I,
1216 3627 1245 3678 a.
1268 3607 1523 3710 ἈλέρχὲμΜῇ
1535 3610 1624 3682 ,μέλη
1639 3609 1787 3698 trigenta,

397 3713 424 3780 oi
443 3707 481 3779 Ji*
498 3707 550 3787 Ἶσίς
566 3709 595 3785 'lt
616 3712 732 3787 οἰκίας,
759 3709 944 3811 r'tr‘rrgtrar,
970 3713 1067 3790 at‘iric
1092 3711 1191 3790 adnue
1215 3709 1355 3808 alopecia
1379 3712 1461 3788 tiras.
1501 3717 1545 3785 E'r
1571 3713 1618 3792 ai}
1648 3709 1681 3784 iv
1701 3713 1791 3783 salsi

397 3817 566 3888 ΣωλουσἹίου
583 3817 634 3890 ‘lori
658 3817 803 3904 Ρωμαιόις
822 3816 861 3888 τὲ
886 3815 1022 3890 παλιυδν
1045 3816 1094 3892 tir
1114 3820 1238 3918 Μαρίου
1274 3821 1466 3919 perid-arios,
1500 3813 1531 3896 ic
1551 3852 1586 3890 rs
1607 3815 1641 3892 lc*
1659 3818 1790 3890 altricius

400 3920 546 4005 ipriravle
566 3949 607 3988 aa
627 3919 668 3996 lr'r
686 3919 743 4008 r'pu*
761 3919 864 3996 icium.
908 3926 1007 3987 Unde
1026 3933 1119 4007 patet
1138 3925 1280 3988 Salustii
1300 3929 1459 4009 domum,
1478 3925 1573 4004 eujus
1592 3923 1717 3988 moenic
1745 3923 1789 3984 ad

398 4023 557 4108 Procopii
577 4043 684 4105 usque
704 4036 857 4111 tempora
879 4027 1088 4111 exstiterunt,
1106 4028 1255 4092 vicinam
1274 4030 1488 4113 fuisscportae
1501 4029 1654 4112 Salariae,
1675 4046 1745 4090 non
1756 4023 1791 4090 ei

397 4129 486 4216 parti
506 4128 776 4196 salustianorum
797 4129 1041 4216 aedificiorum,
1060 4151 1135 4214 que
1156 4132 1199 4194 ab
1219 4131 1282 4196 illa
1297 4142 1396 4218 porta
1416 4145 1465 4198 est
1484 4131 1723 4199 remotissima.
