4108 4976
386 412 462 490 528

385 590 561 674 infinitivo
583 603 731 689 jungere
756 599 856 683 licet,
888 553 1064 680 siquidem
1094 602 1271 664 structura
1310 595 1534 684 congruentia
1566 597 1616 664 itu
1645 595 1722 666 lert.
1751 600 1792 669 r'n
1909 573 1916 578 ’

368 777 370 782 .
381 721 499 800 porta
517 714 713 778 locaverat.
740 706 836 770 Eich.
864 723 941 786 que
970 703 1199 789 discrepantia
1226 704 1339 768 firmat
1364 701 1550 768 lectionem
1575 705 1718 770 anobis
1737 726 1793 774 re-

385 828 535 904 ceptam,
559 813 599 880 in
614 805 931 900 porta.·-suturi.
951 809 1000 872 ita
1014 809 1216 882 omuest‘ere
1229 808 1325 872 libri.
1336 803 1599 896 sutura.Barb.
1613 813 1641 874 ὁ.
1662 811 1793 876 scilicet
1840 817 1841 820 ’

384 922 607 1011 participium
626 938 724 983 more
742 918 939 980 Graecorum
958 933 1023 998 pro
1044 914 1254 979 substantivo
1275 913 1437 996 positum.
1468 912 1507 977 id
1534 918 1631 996 quod
1653 914 1790 984 facilius

383 1029 460 1094 fieri
473 1026 611 1113 potuit,
635 1026 730 1106 quod
751 1023 896 1086 verbum
924 1019 1173 1083 substantivum
1200 1019 1359 1083 omittere
1389 1017 1423 1082 ei
1443 1018 1598 1084 solemne
1621 1029 1681 1090 est.
1703 1043 1791 1103 quae

287 1189 289 1193 .
386 1135 524 1200 certius
540 1133 659 1194 laudat
681 1126 914 1213 loom-omnia
933 1125 1048 1190 aliena
1066 1135 1153 1188 suut.
1174 1127 1234 1190 sed
1252 1127 1344 1211 apud
1362 1124 1602 1208 Thucydidem
1622 1127 1690 1190 hoc
1709 1127 1792 1193 satis

384 1239 556 1322 frequens.
571 1235 638 1300 cir.
653 1257 679 1298 1.
698 1250 765 1310 142.
792 1230 824 1301 ir
845 1232 886 1320 tp·
909 1227 956 1318 tati
971 1231 1123 1317 castarte
1142 1227 1340 1328 rifiorr‘lo'iegor
1363 1224 1482 1303 iratior·
1507 1229 1710 1316 videViger.
1728 1234 1790 1298 Ed.

384 1348 504 1410 Herm.
520 1364 554 1427 p.
574 1343 645 1406 338.
664 1361 701 1402 ιι.
721 1333 922 1404 volentibus
942 1344 1042 1403 esset.
1063 1335 1166 1401 etiam
1187 1338 1255 1400 hoc
1275 1338 1319 1398 ad
1333 1336 1489 1399 Graccum
1501 1355 1693 1400 sermonem
1706 1357 1791 1401 cou-

385 1447 701 1546 fopmatum3Thuc.
715 1447 782 1506 ni.
799 1443 840 1530 ici
859 1435 926 1541 peip
945 1444 1064 1512 ani-ia
1079 1441 1136 1514 tte
1153 1438 1324 1515 nnaleriar
1342 1439 1376 1510 oi
1394 1437 1566 1529 βουλομένῳ
1587 1433 1629 1510 ir.
1644 1443 1790 1508 etnTac.

384 1554 498 1640 Agrio.
524 1553 570 1614 ιῦ.
592 1548 729 1631 illoque
749 1544 915 1630 aliisque.
937 1567 1006 1630 que
1029 1555 1178 1628 utroque
1197 1547 1275 1610 loco
1292 1563 1360 1610 om.
1377 1547 1469 1610 Med.
1481 1562 1510 1607 a.
1537 1543 1602 1611 illa
1623 1543 1789 1631 aliisque.

383 1661 477 1723 Med.
489 1672 520 1732 4.
534 1657 564 1718 6.
583 1653 621 1717 id
639 1654 734 1734 quod
754 1651 882 1716 stolida
898 1652 1107 1716 emendandi
1121 1651 1285 1734 cupidine
1302 1648 1440 1713 iactum.
1461 1671 1530 1733 que
1548 1649 1642 1715 enim
1661 1651 1716 1716 bis
1726 1673 1790 1738 po-

383 1763 488 1830 situm
508 1759 656 1824 maxime
677 1755 870 1843 poeticum,
899 1757 960 1819 sed
987 1754 1089 1818 etiam
1118 1759 1210 1840 apud
1237 1757 1410 1840 pedestres
1429 1755 1608 1840 scriptores
1627 1757 1789 1828 occurrit.

385 1869 496 1934 malo.
516 1865 540 1929 i.
558 1883 587 1930 c.
607 1881 731 1948 poena,
743 1859 886 1941 antique
909 1858 1057 1939 dietum3
1083 1859 1132 1923 ita
1152 1858 1191 1922 in
1212 1858 1392 1924 notissimo
1410 1859 1476 1925 illo
1494 1861 1653 1926 Saturnio
1672 1882 1787 1928 versu:

383 1973 525 2038 dabunt
551 1969 690 2033 malurn
718 1961 866 2032 Metelli
892 1961 1034 2032 Naeuio
1054 1972 1201 2048 poetae.
1221 1965 1295 2029 Lir.
1310 1987 1337 2027 a.
1353 1967 1403 2042 54.
1437 1967 1535 2030 malo
1569 1966 1789 2032 domandam

383 2073 622 2143 tribuniciam
638 2078 871 2156 potestatem.
893 2076 929 2133 et
949 2065 1038 2137 alia.
1057 2071 1092 2132 h.
1113 2069 1137 2131 l.
1165 2089 1285 2134 omnes
1311 2068 1406 2132 libri.
1431 2066 1621 2164 voluptati
1642 2070 1789 2136 anun

380 2189 447 2247 aet.
466 2181 516 2246 ita
537 2179 629 2265 apud
644 2175 714 2241 Cic.
731 2169 800 2241 Off.
814 2191 845 2244 a.
861 2188 909 2252 ι4.
929 2173 1061 2240 habere
1078 2170 1262 2264 religioni.
1283 2194 1405 2262 curae,
1435 2170 1641 2258 despicatui
1659 2174 1790 2242 labere

254 2287 260 2306 ¹
380 2291 475 2376 apud
495 2287 583 2352 alios
601 2287 740 2372 passim.

426 2409 433 2432 ·
464 2396 547 2478 Cap.
567 2395 619 2456 ct.
640 2400 752 2476 atque
771 2385 970 2480 idemsign.
991 2387 1075 2476 [om.
1094 2385 1231 2474 omnes]
1251 2387 1346 2454 Eieb.
1367 2409 1480 2472 oeque
1493 2381 1648 2471 aliquos.
1670 2386 1708 2451 in
1721 2389 1789 2452 hoo
1894 2439 1898 2446 .

284 2509 292 2520 ·
381 2498 460 2562 loco
484 2498 687 2582 explicando
712 2516 832 2561 omnes
853 2497 1057 2582 interpretes
1077 2515 1218 2580 operam
1236 2504 1270 2560 et
1287 2497 1404 2561 oleum
1421 2483 1663 2582 perdiderunt,
1683 2493 1790 2558 maxi·
1814 2518 1816 2524 ·

382 2622 440 2666 me
457 2601 611 2685 eortius,
631 2601 694 2682 qui
712 2609 842 2664 ceteros
860 2601 1018 2686 exagitat.
1041 2609 1074 2664 et
1095 2601 1168 2685 ipso
1185 2622 1299 2684 aeque
1314 2623 1338 2666 a
1352 2611 1457 2689 tergo
1473 2601 1590 2687 jungit
1609 2600 1715 2684 idque
1731 2621 1790 2665 ex-

381 2704 507 2791 plicat:
531 2705 668 2794 gerade
694 2723 761 2768 ron
783 2699 910 2766 lintea
930 2709 1006 2766 arnt
1021 2709 1029 2766 t
1055 2725 1160 2785 quem
1181 2705 1275 2769 enim
1292 2706 1355 2770 clii
1375 2705 1557 2770 conferunt
1575 2707 1690 2770 locum
1708 2709 1788 2775 Tac.
1808 2697 1812 2706 ’

380 2811 471 2876 Hist.
485 2815 516 2874 3.
529 2815 581 2874 oi.
611 2811 702 2874 larsa
729 2803 883 2891 aequior
909 2828 934 2870 a
954 2815 1071 2897 tergo,
1094 2808 1134 2871 iu
1160 2827 1201 2872 eo
1223 2809 1361 2896 egregie
1379 2809 1557 2875 falluntur.
1579 2832 1617 2876 ac
1635 2811 1789 2896 primum
1845 2869 1848 2876 .

380 2916 524 3000 quidem
544 2914 648 2980 lectio
669 2932 761 2978 sana.
789 2910 988 2998 paucissimi
1008 2913 1103 2977 enim
1122 2913 1220 2997 iique
1249 2916 1435 2982 deteriores
1461 2918 1546 2982 libri
1573 2917 1790 2984 dissentiunt.

379 3021 471 3086 bene
491 3019 639 3106 explicat
659 3016 774 3082 Guelt'.
789 3022 819 3082 3.
850 3038 896 3082 esc
917 3014 1084 3085 omnibus
1104 3027 1202 3084 certe
1221 3017 1376 3106 aliquos.
1397 3042 1470 3087 non
1484 3024 1588 3108 plane
1600 3025 1660 3089 abs
1674 3044 1712 3089 re
1729 3025 1790 3110 est,

337 3145 340 3150 ¹
382 3130 477 3207 quod
487 3127 677 3190 Muellerus
690 3121 847 3206 conjecit,
857 3143 970 3206 aeque
979 3122 1051 3187 vim
1058 3126 1182 3190 Graece
1191 3127 1369 3210 particular
1382 3125 1594 3204 irucbabere.
1607 3131 1667 3193 sed
1673 3129 1790 3214 potius

378 3247 445 3313 pro
454 3217 552 3315 iprae,
567 3235 689 3292 tamen
701 3229 832 3293 dictum
845 3247 916 3294 esse
928 3230 1132 3312 putaverim.
1153 3231 1231 3295 talis
1245 3231 1339 3296 euim
1351 3233 1528 3317 particula
1546 3233 1598 3298 vis
1615 3235 1791 3299 desidera·

379 3340 446 3395 nir.
467 3354 570 3415 quem
584 3329 747 3414 primum
770 3329 988 3420 attigerant.
1009 3336 1100 3404 Med.
1115 3337 1145 3398 8.
1166 3358 1270 3420 quem
1277 3336 1441 3421 primum
1451 3335 1696 3428 attingerant.
1713 3343 1789 3408 vri

378 3456 408 3496 ι.
428 3435 597 3517 scriptura
623 3436 811 3517 antiquior.
842 3439 903 3502 sed
921 3458 1006 3500 uum
1030 3431 1153 3504 lrostes
1184 3441 1371 3506 delendum
1391 3441 1451 3525 sit,
1478 3444 1581 3507 valde
1602 3443 1787 3526 incertum

374 3537 491 3624 potuit
516 3537 610 3600 euim
635 3537 728 3621 fieri,
748 3548 787 3600 ut
807 3539 887 3603 ideo
908 3559 929 3602 a
948 3542 1102 3607 librariis
1122 3557 1389 3632 expungeretur,
1419 3551 1514 3630 quod
1536 3549 1656 3634 paucis
1674 3550 1788 3618 verbis

376 3639 591 3725 intermissis,
612 3637 748 3702 diverso
769 3657 870 3706 sensu
886 3641 1038 3724 positum
1058 3652 1117 3710 est.
1140 3649 1243 3729 apud
1254 3646 1398 3732 primos
1417 3652 1561 3743 agebat.
1582 3661 1665 3719 erat
1683 3655 1789 3720 etiam

375 3747 444 3813 boc
462 3749 540 3812 loco
557 3747 648 3810 Med.
662 3760 691 3824 4.
706 3767 736 3826 7.
750 3745 780 3810 8.
795 3766 844 3810 ιι.
864 3748 949 3812 Ven.
965 3763 994 3808 a.
1014 3771 1039 3810 ι.
1060 3748 1156 3814 Eich.
1177 3751 1351 3835 plurimis
1376 3762 1468 3821 erat.
1488 3760 1628 3824 aderat.
1650 3761 1742 3824 Med.
1756 3775 1786 3838 4.

378 3851 538 3918 astabat.
558 3856 642 3918 Ven.
659 3872 689 3916 1:
709 3848 882 3917 instabat.
894 3851 989 3922 Eicb.
1010 3875 1056 3919 m.
1069 3865 1193 3921 recent.
1216 3869 1297 3922 erat
1318 3860 1385 3926 del.
1399 3863 1473 3928 Vct.
1488 3883 1516 3927 ι.
1537 3873 1691 3931 ceterum
1702 3885 1789 3955 age·

375 3956 442 4022 bat
461 3957 565 4042 longe
582 3958 725 4041 plurimi
745 3957 830 4023 libri
850 3967 998 4024 tuentur.
1023 3979 1129 4041 quare
1144 3962 1212 4026 boc
1232 3963 1373 4044 quidem
1393 3985 1513 4032 verum
1533 3978 1636 4054 puto,
1656 3972 1716 4033 sed
1736 3969 1788 4033 al·

374 4069 450 4128 tero
467 4062 545 4125 loco
567 4070 649 4127 erat
673 4063 860 4127 delendum
887 4083 958 4128 esse
983 4065 1130 4134 videtur.
1160 4067 1349 4134 convertit.
1376 4079 1416 4135 ut
1431 4073 1555 4159 sapius
1573 4093 1638 4159 pro
1661 4083 1787 4138 neutro

373 4167 536 4258 positum.
556 4163 760 4228 confirmant
783 4187 862 4230 cum
887 4167 951 4232 olii
971 4167 1075 4254 libri,
1095 4178 1168 4236 tum
1185 4175 1291 4258 Neap.
1304 4189 1334 4250 4.
1349 4173 1431 4261 fide
1451 4182 1648 4242 terrentur.
1677 4177 1796 4263 [rrum

375 4265 427 4334 cti
445 4269 528 4354 om.]
548 4270 751 4339 Taurineus.
767 4275 956 4355 percultae
977 4275 1175 4344 Romanos.
1194 4277 1302 4349 Rom.
1323 4279 1453 4351 delent.
1472 4283 1564 4352 Med.
1578 4303 1607 4357 ι.
1622 4299 1651 4348 a.
1671 4285 1786 4360 Vana
