4108 4976
389 383 572 474 ²64.

395 585 428 646 et
451 569 540 645 rarii.
568 579 755 644 tentorum
778 595 899 661 paces.
912 611 955 630 -
967 596 1079 662 penes
1090 595 1246 662 paucos.
1281 576 1447 641 hocloco
1467 573 1551 640 libri
1574 575 1627 639 nil
1648 575 1795 664 varient,

393 686 487 767 quod
508 683 685 748 luculento
711 692 761 748 est
784 683 981 748 testimonio
1001 679 1183 766 utramque
1203 681 1343 746 dicendi
1362 681 1531 747 rationem
1552 683 1700 748 Salustio
1720 685 1797 768 pls-

394 789 514 854 cuisse.
543 790 632 871 Atq.
653 811 730 878 ego.
753 789 801 854 ita
820 791 925 876 longe
945 789 1090 875 plurimi
1110 790 1200 852 Itall.
1213 790 1320 853 codd.
1359 788 1416 856 At
1427 809 1493 877 ego
1514 790 1589 852 Vat.
1602 790 1630 852 5.
1671 789 1797 873 Atque

392 895 476 958 Min.
489 911 517 958 a.
538 897 632 978 quod
654 915 746 958 nunc
767 895 855 959 mihi
875 895 1127 980 preferendum
1147 913 1220 958 esse
1238 893 1386 963 ridetur.
1408 913 1488 957 nam
1510 893 1601 957 nihil
1622 894 1658 956 in
1670 915 1794 977 prece·

392 999 488 1064 denti
508 1000 677 1066 sententia
703 1000 808 1086 inest,
836 1021 898 1064 cur
916 998 1095 1082 sequentia
1115 997 1148 1064 ei
1167 1008 1320 1084 opponat
1338 1009 1464 1067 orator.
1496 995 1609 1064 virum
1620 994 1797 1088 flagitio-¹

389 1099 580 1168 ss'ssimum.
600 1105 649 1170 ita
669 1104 772 1170 etism
794 1107 898 1192 longe
916 1104 1062 1190 plurimi
1087 1125 1128 1170 ex
1140 1104 1215 1167 Ital.
1235 1103 1343 1168 libris.
1363 1107 1424 1168 sed
1443 1124 1573 1191 rerum,
1593 1108 1687 1189 quod
1696 1105 1794 1170 iiivi-

390 1229 432 1274 us
452 1209 600 1274 restituit
620 1207 696 1276 viro
704 1208 834 1301 fingit.
864 1211 947 1278 ferri
972 1210 1076 1276 etiam
1096 1218 1208 1296 potest
1227 1210 1477 1276 nonnullorum
1497 1211 1667 1276 librorum
1687 1211 1792 1275 lectio

390 1309 429 1378 s'rr
451 1311 564 1380 vr’rum
573 1313 703 1404 fingit.
730 1319 789 1382 sed
810 1317 970 1381 litavere
989 1317 1110 1402 lectio,
1130 1336 1234 1401 quam
1255 1325 1481 1400 corruperunt
1497 1317 1649 1394 librarii,
1668 1317 1794 1382 verbo·

339 1509 343 1513 .
390 1441 468 1484 rum
493 1429 697 1484 structuram
721 1422 846 1488 leviter
868 1423 979 1486 oculis
1005 1425 1259 1507 perlustrantes.
1287 1441 1423 1486 casura
1442 1431 1533 1486 esset
1551 1426 1671 1488 eodem
1691 1442 1792 1488 sensu

391 1525 538 1608 dictum,
559 1545 629 1608 quo
651 1545 753 1611 supra
773 1529 929 1592 evadere.
948 1527 996 1592 ite
1017 1528 1159 1592 dicitur:
1194 1527 1323 1591 cadere
1343 1525 1381 1590 in
1402 1523 1568 1612 irritum,
1597 1524 1789 1592 incassum.

390 1632 734 1712 Tac.Ann.15.39et
749 1633 798 1696 51.
819 1633 1047 1700 Plsul.Poen.
1065 1655 1092 1695 r.
1107 1649 1220 1714 s.147.
1242 1651 1322 1696 nem
1344 1627 1382 1696 r'n
1403 1632 1568 1698 morbum
1580 1630 1662 1698 etin
1676 1632 1793 1715 offert-

387 1733 525 1800 sionem
545 1736 684 1822 eadm,
703 1740 797 1820 quod
817 1738 960 1822 dicitur,
980 1737 1133 1802 alienum
1155 1745 1212 1803 est
1232 1757 1348 1802 sensus
1367 1737 1476 1823 igitur
1494 1738 1595 1818 hujus
1605 1738 1792 1803 locutionis

388 1850 452 1906 est:
472 1841 708 1906 misericordia
727 1844 820 1906 hunc
839 1844 969 1908 exitum
990 1852 1040 1908 est
1058 1845 1237 1928 habitura,
1265 1851 1304 1908 ut
1323 1841 1512 1928 perniciem
1532 1838 1790 1908 afferet-im·

382 1944 641 2031 portunitatis.
663 1951 705 2014 de
725 1949 829 2029 hujus
848 1950 941 2014 vocis
960 1949 1212 2036 significatione
1226 1949 1300 2028 jam
1320 1949 1444 2035 sepius
1453 1958 1503 2014 est
1512 1949 1711 2034 expositum.
1735 1945 1792 2012 in-

391 2050 578 2142 tellegett's.
600 2053 649 2117 ita
669 2053 772 2118 etiam
782 2057 857 2121 Vnt.
877 2075 908 2118 a.
922 2077 993 2139 per·
1011 2075 1143 2120 manus
1162 2055 1186 2120 i.
1208 2073 1236 2120 e.
1248 2074 1368 2139 manu,
1388 2053 1550 2140 pervim.
1570 2049 1788 2139 impunitum
1838 2041 1841 2047 ¹

391 2155 509 2224 omitt.
535 2154 656 2223 amitt.
682 2163 758 2226 Vnt.
782 2179 813 2225 a.
841 2156 969 2226 aerari
985 2161 1079 2225 idem
1098 2161 1199 2230 liber.
1217 2155 1348 2251 gravia
1367 2157 1443 2225 sint
1463 2161 1552 2224 Med.
1570 2175 1600 2235 4.
1617 2181 1687 2244 per
1706 2179 1790 2224 con·

388 2259 614 2330 suetudinem
634 2267 719 2330 Ven.
731 2271 761 2330 t.
780 2267 907 2354 glossa,
934 2285 1010 2349 quse
1031 2265 1148 2333 multte
1167 2266 1206 2332 in
1226 2269 1293 2331 hoc
1314 2265 1406 2331 libro
1424 2266 1598 2352 leguntur.
1617 2262 1661 2330 ni
1679 2260 1802 2351 eludi-G
1866 2345 1870 2354 ι

391 2379 463 2433 cat.
481 2372 557 2435 Vat.
571 2389 597 2432 r.
612 2383 642 2448 4.
663 2377 700 2435 et
720 2365 794 2434 nisi
813 2367 904 2436 vind.
922 2375 1000 2438 avar.
1014 2390 1044 2437 a.
1058 2377 1087 2443 6.
1107 2369 1183 2440 nisi
1201 2369 1433 2456 vindicantur
1448 2374 1523 2439 Vst.
1544 2391 1576 2436 s.
1595 2368 1638 2436 ni
1656 2391 1719 2456 pro
1735 2367 1790 2434 ni-

389 2469 424 2538 si
436 2475 573 2540 videtur
584 2477 811 2541 scribendum.
834 2475 925 2562 quid
935 2474 1089 2545 relicum
1102 2483 1178 2550 Vat.
1194 2499 1223 2546 a.
1238 2475 1310 2546 erit
1319 2478 1456 2546 omisso.
1466 2497 1542 2562 quse
1552 2477 1677 2542 melior
1686 2476 1791 2542 lectio

391 2598 462 2642 esse
480 2581 627 2644 videtur.
650 2569 854 2649 obedientes
875 2580 1040 2650 vivamus.
1061 2594 1152 2652 reete
1171 2587 1323 2651 Gortius:
1356 2587 1456 2671 «plus
1476 2593 1525 2650 est
1544 2603 1649 2666 quam
1669 2580 1790 2648 obedi-

390 2691 484 2749 entes
503 2683 624 2770 simus,
645 2695 679 2750 et
699 2690 961 2772 perpetuitatem
980 2691 1084 2754 simul
1105 2695 1277 2756 denotat.»
1302 2691 1395 2757 idem
1415 2699 1506 2756 recte
1525 2691 1640 2752 laudet
1661 2690 1789 2770 Lucan.

390 2795 421 2854 3.
443 2787 602 2875 pacique
628 2787 792 2858 intentus
819 2796 962 2885 egebat.
989 2805 1022 2862 et
1049 2796 1288 2862 Flaui-essin.
1307 2799 1407 2864 malo
1426 2799 1546 2864 hercle
1569 2801 1685 2860 vestro
1711 2800 1790 2857 tam

392 2894 527 2962 versuti
546 2893 670 2962 vivitis
690 2900 749 2963 cir.
771 2903 863 2965 cort.
884 2906 928 2966 ad
949 2903 1018 2966 Cic.
1032 2907 1114 2989 Epp.
1127 2920 1157 2981 4.
1171 2925 1202 2984 9.
1223 2923 1296 2990 vos,
1319 2900 1493 2985 Quirites.
1506 2923 1604 2986 pron.
1625 2901 1790 2966 ormVen.

392 3026 419 3070 r.
440 3007 532 3085 quod
553 3005 718 3072 hocloco
739 3005 829 3071 mihi
849 3010 991 3090 quidem
1011 3009 1203 3096 elegantius
1224 3027 1295 3074 esse
1311 3009 1458 3078 ridetur.
1487 3005 1657 3072 consentit
1676 3001 1789 3068 Guell.

389 3127 419 3185 4.
440 3106 475 3172 si
494 3105 828 3202 injuriae-egens.
848 3116 938 3180 hene
959 3119 1049 3180 Cort.
1079 3115 1278 3201 «praefracta
1302 3117 1375 3182 hese
1396 3113 1564 3179 sententia
1582 3122 1615 3176 et
1635 3120 1715 3176 ante
1733 3129 1790 3192 ex-

389 3219 577 3300 spectatum
598 3221 723 3281 cadens
742 3239 806 3282 nec
826 3231 932 3286 semet
951 3223 1033 3286 satis
1054 3221 1259 3305 explicans.»
1278 3223 1337 3286 sed
1358 3221 1395 3284 in
1416 3223 1481 3284 hac
1499 3219 1573 3304 ipsa
1594 3218 1703 3304 ligura
1718 3235 1790 3280 ma-

387 3320 480 3384 xima
507 3319 559 3383 vis
586 3330 650 3406 est,
679 3341 788 3404 eaque
814 3325 1000 3409 sepissime
1026 3327 1152 3390 summi
1180 3335 1331 3391 oratores
1356 3327 1409 3390 usi
1429 3334 1518 3390 sunt.
1537 3324 1674 3388 Scilicet
1695 3325 1789 3405 quod

389 3424 651 3507 supradixerat,
670 3426 709 3490 in
729 3428 926 3511 gravissima
948 3430 1075 3510 injuria
1095 3423 1266 3498 summum
1287 3431 1479 3496 nobilitatis
1499 3449 1570 3495 esse
1581 3428 1789 3513 praesidium,

387 3525 472 3592 huie
490 3526 667 3589 sententies
679 3528 751 3605 jam
767 3532 972 3594 contrariam
994 3535 1157 3614 opponit:
1179 3555 1249 3614 quo
1269 3535 1406 3620 gravius
1417 3533 1790 3617 vindicenturinjuriae,

388 3651 431 3700 eo
453 3631 595 3698 tutiores
613 3628 689 3695 iore
708 3629 872 3716 plebejos.
893 3636 960 3698 hoc
978 3635 1087 3720 igitur
1105 3635 1204 3700 dicit:
1223 3638 1437 3722 prohibeatis
1453 3640 1607 3722 injurias.
1625 3641 1683 3704 his
1695 3638 1790 3704 enim

389 3738 548 3825 sublatis,
567 3739 649 3803 satis
668 3737 770 3803 firmo
790 3739 959 3826 praesidio.
973 3741 1068 3806 eritis
1088 3743 1225 3808 muniti.
1254 3764 1323 3827 qua
1342 3746 1483 3828 quidem
1505 3745 1674 3813 sententia
1696 3765 1791 3810 com·

391 3847 491 3908 mode
513 3847 623 3911 oratio
644 3846 760 3910 claudi
780 3847 910 3931 potuit3
945 3850 1013 3912 hoc
1032 3847 1126 3912 enim
1146 3850 1380 3916 firmissimum
1400 3851 1466 3916 fuit
1486 3859 1724 3940 argumentum
1743 3853 1791 3914 ad

389 3946 502 4034 plebis
522 3949 655 4015 animos
673 3955 880 4036 movendos,
907 3957 1000 4034 quod
1019 3975 1152 4019 summa
1172 3975 1292 4039 poenae
1312 3958 1473 4022 severitas
1493 3967 1527 4022 et
1546 3957 1746 4042 reipublice
1757 3963 1792 4022 et

389 4055 473 4140 ipsis
500 4053 604 4118 saluti
629 4065 701 4118 erat
720 4057 845 4120 lutura.
866 4095 907 4112 -·-
927 4060 1084 4125 Ceterum
1104 4062 1194 4124 hanc
1213 4062 1405 4128 orationem
1431 4061 1692 4149 sapientissimis
1716 4079 1792 4126 sen-

390 4161 506 4226 tentiis
526 4161 755 4248 gravibusque
780 4162 895 4226 verbis
912 4167 1076 4228 ornatam
1099 4185 1171 4231 esse
1190 4177 1225 4230 et
1242 4167 1465 4254 perpolitam,
1485 4187 1589 4233 nemo
1611 4177 1676 4252 est,
1705 4164 1793 4249 quin

388 4263 570 4354 intelligat.
590 4287 696 4352 quare
714 4269 758 4336 de
779 4269 921 4340 flumine
939 4279 973 4338 et
991 4271 1155 4352 varietate
1171 4272 1339 4340 orationis
1359 4255 1469 4344 fusius
1489 4272 1654 4342 disserere
1674 4289 1792 4358 super·
