4106 4974
412 397 483 450 220

330 586 333 608 ¹
412 570 542 636 Grachi
575 563 804 633 interficiendi
824 569 945 629 auctor
962 559 1048 646 tuit,
1067 561 1235 628 Salustius
1261 566 1353 628 certe
1370 558 1508 630 virtutis
1521 559 1716 647 exemplum
1735 581 1807 632 non

410 676 553 753 babuit3
586 673 655 736 nisi
674 670 765 734 forte
788 669 867 752 ariis
892 667 1092 734 Africanum
1119 670 1292 735 minorem
1313 669 1358 732 ab
1377 677 1515 734 auctore
1534 669 1724 755 significari
1743 679 1810 735 sls-
1839 689 1842 694 ·

409 779 488 844 tuit.
519 775 660 842 scilicet
676 783 769 840 recte
787 775 948 840 Gor-tius:
966 815 983 850 ς
995 777 1064 840 hoc
1082 775 1218 838 Salustii
1233 773 1406 854 judicium
1426 773 1522 855 est;'’
1544 794 1650 858 quere
1667 769 1811 841 scilicet

410 884 576 948 hocloco
597 901 669 946 non
689 879 860 964 adverbii,
880 883 941 944 sed
958 881 1058 945 verbi
1076 881 1148 944 rim
1169 881 1283 944 habet.
1317 877 1377 943 csr.
1397 877 1489 943 inira
1507 900 1581 965 cap.
1599 885 1668 946 ni.
1697 880 1808 946 Plani.

410 991 500 1052 liud.
516 1007 546 1060 ι,
564 993 593 1050 3.
613 989 664 1063 64.
701 1005 800 1048 nanc
820 1005 900 1048 eam
922 1003 1003 1048 curn
1026 981 1113 1051 nari
1129 983 1272 1068 scilicet
1291 980 1440 1049 obicione
1452 1003 1598 1067 pessum
1619 981 1658 1048 in
1679 987 1807 1051 altum.

407 1092 460 1158 ita
479 1090 640 1158 videlicet
660 1092 752 1174 apud
772 1089 926 1152 Gellium
941 1110 988 1172 ¹7·
1003 1105 1032 1165 4.
1053 1091 1119 1154 red
1135 1085 1298 1155 videlicet
1317 1109 1398 1153 eum
1420 1087 1595 1154 vocabula
1613 1109 1737 1168 reruni
1756 1109 1808 1154 ve·

413 1219 460 1262 ra
478 1194 714 1285 ignoravisse.
746 1193 805 1258 cir.
824 1197 957 1258 Lucret.
971 1211 1001 1262 a.
1016 1196 1089 1272 468.
1113 1194 1223 1259 Plaut.
1237 1195 1373 1259 Curcul.
1391 1216 1419 1268 a.
1438 1209 1467 1258 π.
1488 1213 1537 1264 ιο.
1567 1195 1718 1262 Gronov.
1735 1195 1808 1256 Ob-

409 1311 543 1368 servati.
566 1307 596 1364 3.
620 1323 650 1382 9.
688 1300 833 1364 eandem
862 1298 934 1360 vim
961 1299 1209 1383 particularum
1226 1295 1401 1390 forsitan
1438 1306 1472 1363 et
1491 1294 1593 1362 ilicet
1617 1317 1710 1382 esse,
1735 1298 1807 1361 imo

410 1410 503 1492 apud
524 1406 638 1490 ipsum
659 1405 859 1470 Ciceronem
879 1421 951 1466 non
971 1423 1042 1468 uno
1061 1405 1140 1468 loco
1158 1400 1301 1469 scilicet
1319 1403 1369 1468 its
1393 1402 1632 1487 explicandum
1653 1423 1724 1468 esse
1743 1405 1809 1471 do·

410 1509 489 1574 cuii
510 1510 572 1578 cir.
594 1512 678 1594 Epp.
691 1512 735 1572 ad
748 1512 788 1594 Q.
803 1511 889 1572 Frat.
903 1527 932 1576 n.
945 1509 975 1576 8.
1006 1511 1066 1572 sed
1086 1519 1200 1574 tamen
1220 1508 1478 1592 antiquioribus
1494 1509 1715 1594 scriptoribus
1733 1509 1808 1574 boec

409 1613 652 1687 usitatissimac
669 1615 760 1698 apud
781 1622 910 1678 ceteros
929 1614 1112 1698 separatim
1131 1615 1302 1680 scribitur.
1334 1637 1456 1680 ceram
1472 1655 1507 1670 -
1515 1615 1693 1708 figuram.
1725 1611 1809 1676 talia

408 1719 564 1805 imperiti
570 1717 784 1806 grammatici
804 1712 836 1788 ir
854 1714 909 1787 ini
920 1722 1000 1788 ilicis
1019 1719 1156 1800 dicunt3
1175 1719 1519 1806 perperam‚consilic
1539 1719 1632 1784 enim
1652 1721 1725 1784 hec
1743 1717 1808 1802 per

406 1835 520 1911 partes
540 1824 739 1910 expressisse
759 1832 879 1888 auctor
896 1827 1069 1908 putandus
1083 1833 1147 1890 est.
1176 1823 1291 1890 virtus
1310 1826 1441 1891 scilicet
1459 1824 1616 1908 illorum,
1636 1824 1697 1906 qui
1718 1823 1807 1886 ima·

307 1993 308 1996 ,
406 1930 504 2016 gincs
531 1931 720 1994 intuentur.
760 1949 886 1994 eorum
912 1932 956 1992 ad
983 1931 1128 2010 majores
1152 1931 1325 2016 pertinet,
1350 1934 1446 2015 quod
1471 1930 1648 1996 obscurius
1666 1930 1807 1994 dictum.

406 2054 512 2117 quare
533 2035 572 2101 in
595 2033 774 2098 nonnullis
792 2032 894 2098 libris
912 2033 1090 2128 majorem
1110 2037 1286 2122 scriptum.
1317 2039 1377 2102 sed
1397 2039 1464 2102 boc
1477 2033 1671 2122 glossatoris
1685 2035 1807 2100 iurea-

407 2148 491 2204 tum.
532 2141 625 2203 haud
646 2138 806 2204 absimile
824 2141 919 2221 quod
937 2159 1040 2224 supra
1058 2140 1187 2226 legitur
1207 2140 1306 2205 Catil.
1326 2143 1374 2204 18.
1415 2139 1653 2232 conjuravere
1670 2135 1808 2224 pauci,

409 2246 453 2310 de
472 2266 555 2328 qna.
582 2244 713 2308 scilicet
733 2265 774 2308 ex
794 2266 880 2308 cera
899 2253 932 2310 et
938 2245 1071 2334 figura
1092 2243 1239 2324 majores
1257 2245 1479 2333 intelligendi
1498 2255 1588 2319 sunt.
1621 2243 1678 2310 iis
1697 2239 1808 2312 mori-

411 2351 485 2414 bus.
506 2371 605 2434 pron.
626 2347 684 2414 nis
703 2369 829 2436 magne
848 2370 926 2414 cum
946 2349 982 2412 vi
1001 2351 1164 2435 positum.
1184 2351 1208 2414 i.
1224 2373 1251 2416 e.
1272 2353 1391 2435 quales
1410 2373 1503 2415 nunc
1522 2358 1611 2414 sunt.
1634 2351 1705 2418 Cic.
1724 2353 1808 2434 Epp.

407 2449 474 2520 Ait.
495 2479 543 2520 ιο.
564 2479 611 2519 ιι.
634 2452 725 2539 quid
742 2453 839 2520 enim
858 2452 976 2520 dicam
998 2455 1068 2519 hac
1079 2453 1302 2548 juventute?
1321 2457 1371 2530 id.
1390 2459 1474 2542 Epp.
1492 2455 1570 2518 Div.
1584 2472 1612 2516 s.
1628 2457 1657 2522 5.
1678 2463 1712 2520 et
1731 2474 1807 2537 quse

407 2561 461 2625 ibi
482 2565 572 2626 Cort.
591 2563 746 2627 laudavit
764 2562 852 2626 loca.
882 2557 989 2625 soliti
1005 2568 1126 2624 erant.
1143 2563 1287 2624 verbum
1305 2562 1469 2628 substant.
1488 2581 1555 2624 om.
1570 2559 1700 2624 Flor.8.
1711 2561 1808 2640 quod

409 2667 527 2730 nescio
552 2687 596 2729 an
623 2654 669 2732 sit
694 2666 893 2752 elegantius.
922 2660 1065 2753 furtim
1097 2673 1133 2729 et
1156 2686 1226 2747 per
1257 2662 1471 2734 latrocinia.
1490 2666 1513 2729 i.
1530 2687 1559 2730 c.
1579 2665 1661 2728 dolo
1688 2665 1806 2750 malo,

317 2761 328 2780 ⁴
406 2770 531 2836 fraude
550 2781 583 2836 et
603 2771 751 2840 insidiis.
774 2773 835 2834 sed
855 2767 1038 2833 latrocinia
1057 2777 1224 2853 apertam
1243 2770 1316 2834 vim
1334 2771 1548 2857 significarim
1569 2770 1606 2833 id
1626 2771 1721 2852 quod
1741 2771 1807 2834 do-

409 2879 579 2942 antiocus
600 2879 665 2942 cic.
686 2898 751 2963 pro
772 2879 871 2942 Rosc.
891 2877 967 2940 Am.
983 2895 1056 2961 cap.
1080 2892 1131 2946 aa.
1153 2894 1174 2950 a
1195 2875 1312 2940 Contio
1332 2876 1509 2940 laudatus:
1529 2875 1716 2960 confitere,
1735 2875 1806 2939 lruc

409 3005 453 3050 ea
481 3007 543 3070 spe
571 2982 720 3071 venisse,
750 2983 849 3069 quod
866 2989 1022 3067 putares
1042 2981 1102 3046 hic
1124 2977 1383 3068 latrocinium,
1403 2979 1676 3073 nonjudicinm
1693 2976 1805 3071 satu-

388 3113 501 3178 ¹ram.
521 3094 582 3160 cfr.
594 3094 661 3156 Cic.
676 3096 747 3156 Cat.
764 3111 793 3160 a.
810 3114 837 3155 1.
867 3111 950 3156 cum
971 3086 1076 3156 illam
1096 3109 1142 3155 en
1162 3085 1319 3156 occultis
1339 3085 1481 3154 insidiis
1501 3087 1539 3152 ia
1567 3095 1735 3171 opertam
1752 3086 1806 3150 Ia·

407 3191 607 3258 lnocinium
628 3193 862 3287 conjecimus.
875 3231 917 3248 -
931 3217 1040 3277 quam
1062 3192 1165 3259 bonis
1181 3196 1339 3290 artibus.
1358 3197 1435 3260 hac
1451 3193 1586 3258 Cottius
1601 3193 1638 3256 in
1660 3192 1803 3256 dubium

405 3301 555 3384 vocavit,
576 3301 685 3386 magis
703 3299 900 3384 corrigendi
921 3317 1024 3379 quam
1046 3298 1200 3362 veritatis
1220 3301 1334 3362 studio
1354 3309 1538 3384 permotus.
1559 3297 1619 3362 cfr.
1634 3299 1742 3360 Cato.
1758 3317 1805 3360 ιι.

409 3409 445 3466 et
465 3402 671 3490 mognffica.
692 3413 804 3486 atque
833 3405 909 3475 Vnt.
925 3419 955 3477 ι.
987 3405 1077 3466 Mod.
1095 3405 1122 3470 5.
1156 3407 1215 3468 sed
1234 3403 1315 3508 idpo
1337 3414 1371 3470 et
1390 3409 1484 3488 quod
1498 3409 1569 3470 Bos
1587 3429 1612 3472 1.
1646 3403 1804 3488 copulam

412 3505 550 3588 omisit,
572 3525 647 3569 eam
667 3509 850 3568 delendam
871 3526 942 3568 esso
959 3506 1016 3568 rix
1027 3509 1226 3586 putaverim.
1239 3507 1562 3590 quirastc'nent'aa.
1573 3511 1704 3582 Meda.
1721 3527 1805 3592 pro-

407 3629 576 3674 nom.om.
586 3610 676 3672 Med.
691 3613 721 3671 3.
733 3623 761 3683 4.
770 3609 846 3672 Vnt.
858 3623 887 3668 ι.
910 3609 1004 3688 quod
1023 3609 1155 3693 probo,
1176 3611 1258 3691 quia
1265 3609 1455 3695 pronomen
1471 3615 1571 3680 facile
1582 3613 1803 3699 intelligipo-

407 3724 483 3784 lesi.
505 3715 565 3780 cin
576 3717 646 3778 Cat.
656 3715 685 3780 8.
705 3707 886 3778 sustinere
905 3703 1008 3778 etiam
1031 3733 1085 3798 ap.
1101 3713 1170 3778 Cic.
1185 3717 1333 3783 dicitur:
1344 3716 1465 3809 fungi
1484 3743 1528 3784 ac
1541 3717 1724 3784 sustinere
1734 3719 1805 3783 ali·

407 3817 499 3902 qnid
515 3819 675 3886 muneris
695 3816 734 3885 in
753 3820 949 3905 republica.
990 3819 1171 3886 habentur
1190 3822 1213 3890 i.
1235 3843 1265 3888 e.
1286 3835 1373 3889 sunt.
1395 3825 1476 3889 vide
1496 3829 1541 3890 acl
1561 3829 1630 3889 Cat.
1646 3847 1674 3896 ι.
1690 3819 1803 3888 altius

405 3921 431 3991 i.
453 3940 482 3986 e.
503 3927 600 4004 qussi
619 3927 657 3988 in
675 3946 768 3990 mare
789 3926 908 3998 altum.
929 3925 987 3988 cir.
1007 3922 1140 3990 Liairss
1153 3927 1266 3992 initio.
1284 3930 1400 4014 redeo,
1428 3953 1506 3994 cum
1518 3931 1563 4010 ‚in
1573 3927 1803 3995 antecedenti
1880 4013 1882 4017 Ι

403 4023 470 4092 bus
485 4023 644 4090 'nondum
665 4031 709 4094 de
726 4030 1024 4115 bellilugurthini
1042 4033 1187 4097 historia
1206 4035 1345 4119 egisset,
1361 4039 1427 4100 hon
1446 4038 1524 4102 loco
1544 4036 1749 4121 particulam
1762 4055 1804 4100 re

404 4135 583 4198 abundare
600 4132 718 4196 statuit
740 4134 885 4202 eortius.
924 4135 991 4197 hoc
1018 4134 1095 4200 lieri
1120 4159 1219 4222 posse
1248 4147 1282 4202 et
1300 4140 1389 4205 Don.
1410 4143 1428 4226 (
1436 4145 1480 4206 ad
1500 4144 1606 4206 Andr.
1624 4146 1655 4206 3.
1677 4158 1707 4202 2.
1730 4137 1804 4220 ιδ.)

402 4241 521 4310 doerit
540 4248 576 4308 et
595 4239 790 4326 exemplos
809 4237 925 4303 Cottio
945 4237 1085 4304 laudata
1105 4245 1335 4330 comprobant.
1366 4247 1425 4317 cfr.
1447 4249 1614 4336 Cic.Epp.
1627 4250 1696 4310 Att.
1713 4267 1738 4309 ι.
1754 4257 1802 4320 ι4.
