4108 4976
380 417 455 512 246

380 614 483 677 tirum
503 604 739 690 addiderunt,
761 623 836 670 non
858 609 934 665 tam
956 601 1002 667 ab
1023 594 1187 698 recentia
1208 599 1287 663 ulla
1307 593 1451 682 merita,
1472 617 1582 681 quam
1596 595 1782 688 originum

380 711 567 784 memoria.
587 714 635 778 id.
651 715 700 776 46.
720 715 768 774 43.
791 703 925 775 decori.
949 725 1071 791 parum
1096 714 1186 770 recte
1206 705 1274 768 hoo
1294 703 1431 768 Curtius
1445 713 1598 790 spectare
1614 713 1712 790 putat
1739 711 1784 772 ad

381 827 541 905 bonores,
559 819 622 902 qui
640 817 787 882 urbibus
805 836 826 879 a
843 814 915 879 suis
935 812 1060 894 cuique
1084 809 1232 876 coloniis
1251 809 1485 894 habebantur,
1505 812 1549 875 de
1566 810 1785 892 quibusvide

379 931 486 994 Thue.
508 951 534 990 4.
552 928 607 1004 389
628 919 853 988 Freinsbeim.
872 923 917 984 ad
938 919 1031 982 Gurt.
1051 933 1082 994 4.
1098 935 1127 980 4.
1147 935 1193 978 ιο.
1221 923 1362 1000 tempus
1381 923 1514 982 monet.
1545 915 1584 979 id
1606 919 1685 982 crim
1703 917 1785 984 infi-

381 1033 492 1110 nitivo
514 1031 661 1120 jungere
684 1027 858 1115 poeticum
879 1032 939 1092 eat.
958 1024 1018 1088 cir.
1038 1023 1134 1109 Virg.
1151 1023 1235 1085 Aen.
1256 1041 1304 1085 ro.
1324 1024 1397 1101 439.
1429 1021 1580 1087 Interea
1599 1042 1710 1089 eor-or
1729 1026 1783 1089 al-

380 1159 441 1204 ma
460 1144 597 1220 monet,
620 1153 839 1200 succurrere
858 1132 983 1197 Lauro
1012 1132 1187 1195 Turnum.
1201 1127 1412 1191 —aeaundo
1433 1121 1540 1190 mari.
1562 1129 1629 1191 hoc
1647 1129 1785 1194 Curtius

380 1244 429 1308 ita
460 1242 640 1330 explicuit,
673 1248 711 1304 ut
743 1257 838 1302 mare
867 1235 912 1302 eit
934 1237 1139 1320 secundum,
1171 1233 1365 1320 proximum
1394 1234 1439 1300 eit
1466 1241 1545 1317 post
1563 1236 1783 1321 ¹.Cyrenen‚”

384 1352 479 1432 quod
502 1349 552 1413 ita
568 1347 639 1412 diei
661 1364 775 1432 posse,
795 1342 885 1408 mihi
904 1342 1045 1424 quidem
1063 1361 1185 1426 parum
1206 1340 1389 1424 probabile
1408 1359 1481 1405 esse
1500 1339 1647 1405 videtur.
1673 1343 1785 1408 multo

381 1457 507 1521 rectius
520 1457 551 1517 J.
579 1455 632 1517 Fr.
649 1449 863 1534 Gronovius,
881 1445 945 1530 qui
965 1447 1054 1512 mari
1073 1446 1231 1512 seeundo
1251 1455 1290 1509 ut
1299 1441 1460 1531 flumine
1476 1447 1635 1511 necundo
1654 1448 1786 1512 dictum

382 1579 453 1625 esse
475 1566 588 1644 putat,
615 1556 698 1640 quia
719 1575 812 1620 mare
830 1555 873 1617 ab
889 1553 977 1619 Aria
995 1554 1119 1638 angelo
1141 1571 1332 1636 repressum
1356 1551 1396 1614 iu
1415 1561 1548 1636 partem
1561 1552 1677 1637 illam,
1708 1575 1785 1637 que

382 1673 432 1729 eet
450 1662 692 1748 Carthaginem
711 1679 838 1744 versus,
858 1658 998 1724 feratur.
1037 1641 1176 1723 Scilicit
1200 1667 1238 1722 ut
1258 1656 1401 1722 flumina
1429 1657 1469 1722 in
1494 1659 1589 1722 lacus
1614 1679 1651 1724 ee
1675 1655 1786 1724 effun-

381 1774 483 1854 dunt,
509 1769 558 1833 ita
582 1767 688 1834 marie
712 1766 955 1831 mediterranei
981 1763 1108 1830 ostium
1125 1762 1252 1830 fretum
1273 1763 1482 1830 Gaditanum
1504 1783 1575 1830 esse
1591 1765 1786 1830 ridebatur.

382 1875 535 1965 Cyrene.
554 1875 635 1939 vide
653 1872 745 1937 inira
760 1895 809 1954 79.
830 1871 891 1937 eir.
906 1873 1028 1936 Strabo
1049 1893 1103 1957 17,
1127 1875 1156 1934 3.
1176 1895 1211 1957 p.
1226 1888 1297 1952 497.
1310 1871 1512 1938 Ed.Taueh.
1538 1871 1710 1938 Tltereon.
1722 1871 1785 1942 eir.

380 1984 510 2048 Herod.
529 1999 558 2058 4.
586 1982 658 2058 4569
680 1983 751 2055 464.
771 1983 838 2042 443.
858 1987 893 2043 et
912 1999 980 2059 1⁰9·
1008 1981 1084 2043 duae
1103 1977 1228 2066 syrtis.
1256 1977 1336 2042 ride
1353 1975 1447 2040 infra
1464 1978 1512 2058 78.
1532 1985 1566 2040 et
1585 1978 1706 2040 Strabo
1730 1997 1785 2062 17,

382 2089 420 2172 3,
431 2109 464 2173 p.
474 2103 556 2172 494,
569 2094 602 2151 et
613 2101 683 2166 494.
696 2081 880 2152 Philemon
887 2084 968 2149 vide
978 2083 1069 2148 inira
1080 2104 1136 2164 793
1156 2077 1347 2148 noruaime
1355 2081 1379 2146 i.
1386 2103 1417 2148 e.
1427 2091 1506 2148 aute
1516 2085 1701 2150 seeundum
1708 2085 1787 2147 bel-

380 2197 454 2259 lum
467 2194 647 2258 Punicum.
674 2189 873 2280 Numidae,
893 2190 988 2274 quod
1007 2189 1154 2276 plurimi
1171 2189 1257 2253 libri
1275 2189 1389 2253 Italici
1405 2188 1626 2275 confirmant,
1645 2209 1727 2256 vera
1738 2199 1788 2255 est

381 2300 496 2366 lectio.
526 2296 724 2366 Numidiae
743 2309 777 2364 et
798 2293 982 2364 Numidae
999 2315 1103 2379 quam
1121 2295 1224 2360 facile
1241 2293 1368 2359 mutari
1384 2295 1574 2379 potuerint,
1600 2314 1663 2380 per
1679 2315 1715 2360 se
1727 2315 1787 2380 pa·

380 2413 439 2473 tet.
460 2407 498 2469 id
520 2409 614 2489 quod
632 2405 707 2490 ipae
723 2405 860 2470 conius
875 2403 1051 2479 concedit,
1078 2402 1141 2484 qui
1160 2400 1350 2466 levioribus
1369 2401 1580 2488 argumentis
1602 2401 1787 2466 lectionem

380 2509 459 2574 setis
479 2511 625 2594 probam
638 2510 863 2596 impugnavit.
890 2508 1071 2576 Muluala
1087 2511 1180 2592 apud
1192 2507 1396 2572 Strabonem
1415 2527 1468 2591 17,
1485 2509 1516 2570 3.
1534 2507 1605 2584 434.
1626 2503 1788 2598 Meropis

382 2613 519 2676 dicitur.
1146 2621 1152 2634 '
1684 2619 1686 2622 ’

464 2719 546 2803 Cap.
568 2717 638 2780 XX.
659 2715 776 2806 legati
796 2737 864 2782 om.
890 2716 975 2780 Min.
993 2737 1019 2782 1.
1042 2713 1233 2782 diaeeeaere
1252 2719 1355 2782 multi
1372 2740 1413 2785 ex
1433 2719 1534 2784 libris
1553 2718 1681 2784 Italicis
1699 2719 1788 2783 Min.

285 2869 288 2876 ,
382 2840 411 2886 4.
433 2825 525 2888 Med.
543 2841 571 2890 4.
589 2831 617 2890 t.
637 2844 666 2903 9.
688 2845 734 2888 44.
766 2824 850 2889 Ven.
876 2845 904 2887 1.
920 2829 951 2888 3.
968 2838 998 2900 4.
1026 2825 1101 2887 Vat.
1120 2839 1149 2884 4.
1166 2809 1196 2886 3.
1213 2823 1243 2898 t.
1265 2827 1293 2888 5.
1325 2823 1566 2891 discesserunt
1580 2828 1655 2891 Vet.
1680 2847 1708 2890 1.
1727 2829 1788 2891 sed

380 2928 445 2994 alii
468 2928 654 2994 lectionem
677 2936 850 3014 receptam
877 2929 1098 3014 confirmant,
1128 2938 1161 2996 et
1190 2937 1230 2992 ut
1257 2929 1430 2995 librorum
1457 2932 1641 2998 auctoritas
1664 2931 1789 3016 variat,

381 3037 440 3119 ita,
465 3056 533 3119 qua
555 3037 593 3100 in
614 3055 652 3100 re
667 3037 721 3101 hae
739 3029 1030 3122 voceadifferant,
1049 3037 1239 3102 arruntius
1258 3037 1496 3108 rixdooueria.
1526 3035 1694 3105 timorem
1710 3034 1789 3103 ani-

381 3137 441 3204 mi.
463 3145 507 3206 cle
528 3143 595 3206 hoe
622 3130 858 3209 additamento
878 3143 959 3208 vide
979 3163 1083 3228 supra
1103 3163 1176 3228 cap.
1199 3146 1230 3206 3.
1249 3145 1461 3229 expleverat.
1480 3143 1561 3209 vide
1582 3166 1610 3208 c.
1636 3149 1684 3208 43.
1709 3141 1808 3208 44442·

262 3274 266 3280 ’
385 3267 483 3310 mum
504 3242 663 3313 intendit
683 3269 761 3312 eum
785 3249 888 3315 tertio
909 3269 986 3314 casu
990 3250 1108 3336 jungit
1131 3251 1210 3314 Tac.
1227 3251 1315 3314 Ann.
1333 3267 1367 3336 a,
1388 3253 1438 3319 64.
1459 3244 1651 3314 miraculis
1671 3246 1789 3314 inten-

382 3349 437 3416 dit
463 3353 638 3418 animum.
662 3354 757 3420 idem
773 3353 885 3440 Agrio.
911 3356 957 3417 43.
993 3351 1157 3445 redigere
1177 3349 1216 3420 in
1232 3364 1453 3441 potestatem
1473 3351 1598 3420 animo
1620 3351 1788 3419 intendit.

381 3454 473 3518 inira
489 3459 562 3540 ipae
575 3459 642 3522 Sal.
662 3463 713 3547 43.
733 3461 786 3524 ad
802 3458 1158 3526 bellum-animum
1176 3459 1344 3528 intendit.
1365 3464 1414 3527 ita
1428 3459 1667 3528 etiamluetin.
1689 3479 1737 3524 44.
1758 3480 1787 3523 4.

384 3556 547 3623 animum
572 3556 682 3644 priua
709 3563 761 3623 ad
772 3557 946 3648 favorem
971 3565 1106 3645 populi
1123 3565 1395 3634 conciliandum
1416 3563 1575 3634 intendit
1603 3569 1695 3651 apud
1712 3565 1787 3629 Liv.

383 3689 412 3748 9.
435 3669 483 3731 34.
514 3659 676 3732 44444ιί4444
704 3686 817 3731 curae
841 3686 883 3732 eo
911 3675 1000 3730 aunt
1020 3664 1195 3736 intentae.
1217 3670 1278 3738 cfr.
1304 3677 1353 3740 43.
1372 3695 1407 3757 93
1436 3674 1541 3740 etiam
1560 3677 1654 3758 apud
1673 3673 1787 3757 ipsum

381 3773 581 3838 Ciceronem
591 3775 691 3838 Acad.
703 3791 733 3851 4.
748 3775 795 3842 45.
805 3793 942 3858 parum
958 3773 1118 3865 defigunt
1137 3776 1280 3844 animoa
1294 3788 1330 3844 et
1338 3775 1534 3847 intendunt
1558 3776 1597 3844 in
1617 3801 1673 3863 ea,
1695 3799 1788 3862 quae

373 3873 574 3958 perspicua
593 3887 700 3958 aunt3
718 3880 757 3944 id
765 3883 842 3947 Ver.
862 3897 890 3942 4.
905 3883 934 3944 3.
958 3879 1049 3962 quid
1066 3878 1134 3946 iate
1152 3894 1280 3969 speret,
1300 3893 1337 3949 et
1356 3907 1428 3969 quo
1443 3886 1606 3952 animum
1618 3881 1787 3950 intendat

371 3975 689 4070 saaileperspieio.
698 3996 986 4076 -opportunua
997 3985 1057 4052 cir.
1067 3988 1183 4055 Seneo.
1191 3992 1233 4054 de
1244 3991 1349 4055 clem.
1359 4013 1386 4060 1.
1396 3988 1678 4079 83adjiaenun07
1691 3987 1791 4072 quod

375 4082 544 4170 privator
563 4085 725 4152 leminea
745 4091 798 4154 ad
814 4089 1045 4175 arripiendae
1065 4090 1227 4184 injurias
1249 4093 1532 4179 opportuniores
1549 4104 1787 4182 aeeqrtarum

381 4187 800 4290 injur-infaeit.1.iv.ali.
824 4215 871 4278 ¹9·
891 4193 1036 4280 nequir
1058 4219 1221 4282 unquam
1242 4201 1451 4269 Romanum
1480 4199 1589 4272 civem
1619 4199 1788 4268 militem·
