4116 4970
1593 435 1638 528 ⁵7

248 615 361 690 'mitiis
369 626 470 693 tertio
491 645 570 692 casu
590 643 661 692 esse
681 625 843 711 positum,
862 623 980 689 nullus
1001 627 1157 712 quadrat,
1180 625 1246 692 nisi
1267 630 1361 710 quod
1381 625 1475 692 inire
1495 645 1567 711 cap.
1588 641 1642 702 4ο.

223 813 226 820 1
245 729 376 796 locutio
398 741 520 798 nostrae
541 732 667 797 similis
685 752 756 796 esse
775 731 935 796 videtur:
966 754 1070 814 quem
1092 731 1232 797 exitum
1254 729 1371 796 tantis
1391 727 1499 795 malie
1518 751 1643 814 spera·
1755 791 1757 794 .

245 843 338 898 rent.
367 838 433 900 Sed
455 838 526 916 ejus
546 856 684 920 quoque
704 836 774 898 alia
793 844 843 899 est
862 837 960 903 ratio.
998 840 1083 899 Cum
1107 839 1213 900 verbo
1239 857 1388 920 sperare
1411 836 1505 898 enirn
1533 833 1644 896 multo

245 939 359 1023 aptius
377 961 480 1022 quarn
502 962 580 1004 cum
601 940 733 1004 dobere
752 941 886 1002 dativus
901 939 1071 1024 jungitur.
1101 937 1204 1004 bonis
1224 936 1342 1002 initiis
1358 941 1451 1002 haud
1467 938 1573 1001 dubie
1591 956 1645 1000 ca-

245 1039 303 1104 s'us
322 1052 434 1106 sextus
455 1052 525 1126 est,
556 1042 617 1124 qui
642 1043 764 1127 saepius
793 1043 836 1104 ab
864 1042 1118 1124 antiquioribus
1146 1051 1180 1106 et
1205 1042 1392 1106 serioribus
1421 1042 1646 1127 scriptoribus

245 1145 407 1230 ponitur,
426 1147 488 1208 ubi
508 1147 625 1210 Cicero
644 1147 940 1231 praepositionem,
967 1147 1172 1225 adjectivum
1201 1165 1261 1210 scu
1287 1146 1509 1230 participium
1538 1145 1646 1222 addit.

246 1250 361 1332 Quare
382 1259 472 1314 recte
490 1251 650 1313 laudatur
671 1271 692 1313 a
711 1251 880 1315 Muellero
902 1251 960 1313 Cic
972 1254 1107 1318 .Brut.c.
1122 1255 1173 1326 34.
1194 1247 1299 1314 bonis
1319 1247 1436 1313 initiis
1455 1270 1561 1314 orsus
1574 1244 1645 1311 tri-

246 1351 436 1438 bunatum,
456 1350 706 1418 tristesexitue
714 1353 1075 1418 habuitconsulatue.
1096 1356 1297 1419 Dchocusu
1312 1355 1454 1417 ablativi
1479 1354 1646 1416 cinRud-

246 1456 330 1519 dim.
338 1459 501 1520 Institutt.
512 1460 662 1523 Gramm.
671 1460 742 1521 Lat.
751 1461 786 1521 P.
795 1461 837 1525 11.
848 1481 885 1542 p.
895 1461 961 1520 268.
973 1458 1124 1522 Perizon.
1141 1459 1311 1522 animadv.
1325 1459 1364 1521 in
1372 1457 1502 1520 Sanctii
1514 1456 1642 1539 Min-p.

247 1563 318 1640 689.
334 1564 538 1626 sententiam
552 1563 698 1647 explicat
713 1567 833 1626 Ascon.
846 1563 885 1625 in
896 1563 966 1625 ·Or.
988 1566 1013 1625 I.
1022 1583 1086 1646 pro
1108 1566 1143 1630 C.
1152 1563 1323 1635 Cornelio.
1335 1585 1369 1647 p.
1384 1564 1452 1629 128.
1461 1563 1523 1623 Ed.
1537 1562 1647 1645 Lugd.

247 1663 354 1728 Hack.
372 1669 460 1743 1644.
478 1669 577 1732 Sulla
593 1667 637 1730 ab
655 1663 773 1730 initiis
793 1667 972 1731 bonorum
991 1665 1179 1732 actionum
1197 1663 1421 1750 adpenditae
1431 1684 1649 1754 progressus

247 1769 406 1833 Ceterum
425 1774 468 1834 ad
489 1772 582 1834 hunc
602 1773 716 1834 locum
738 1771 911 1855 pertinere
931 1771 1093 1836 videntur
1112 1772 1217 1833 verba
1236 1771 1406 1833 iohannis
1424 1767 1647 1847 Antiocheni,

246 1889 324 1953 ‹111ae
338 1893 440 1956 supra
456 1896 489 1957 p.
501 1889 530 1950 4.
548 1875 705 1939 laudavi:
721 1871 771 1948 tir
793 1874 913 1945 2in
933 1879 1037 1952 καλοῖς
1055 1875 1266 1974 imtpium
1287 1875 1421 1949 uiuacior
1441 1871 1647 1964 ἱπενκνοχίνω

242 1971 277 2050 ii
298 1973 392 2050 ‘iimo
443 1977 602 2042 Trahere
621 1979 645 2046 i.
669 1999 697 2042 e.
718 2001 838 2063 rapere
867 2003 944 2045 cum
974 1983 1028 2059 νίς
1057 1985 1200 2045 verbum
1230 1983 1313 2044 huic
1342 1981 1393 2043 rei
1414 1979 1648 2061 aptissimum,

245 2079 394 2143 Salustio
415 2090 448 2144 et
460 2083 578 2144 Tacito
598 2082 770 2145 usitatum.
793 2084 852 2144 cir.
863 2087 1032 2168 iugurtha
1044 2086 1128 2146 XLI.
1149 2081 1220 2146 sibi
1234 2083 1384 2165 quisque
1402 2084 1547 2161 ducere,
1570 2086 1648 2142 tra·

247 2182 347 2266 itere,
368 2204 507 2264 repere.
532 2186 591 2246 sed
613 2204 684 2247 non
703 2187 815 2248 solum
836 2190 880 2247 ad
894 2207 947 2250 res
967 2189 1026 2250 sed
1047 2187 1150 2249 etiam
1171 2190 1215 2249 ad
1230 2205 1391 2269 personas
1408 2185 1564 2248 refertur.
1585 2183 1647 2246 cfr.

247 2285 380 2370 Fragm.
401 2285 476 2346 Lib.
490 2287 546 2351 lv.
567 2307 612 2348 ιι.
626 2289 686 2370 Ep.
711 2288 900 2351 Mithridat.
923 2293 967 2353 ad
990 2294 1074 2375 Reg.
1084 2294 1195 2353 Arsac.
1207 2311 1283 2355 non
1304 2289 1465 2352 humana
1486 2292 1565 2352 ulla
1586 2308 1650 2353 ne·

249 2401 318 2469 que
343 2383 464 2452 divina
485 2388 648 2467 obstant,
678 2387 766 2473 quin
787 2390 924 2477 socios,
946 2389 1102 2476 amicos,
1117 2398 1270 2479 procul,
1281 2392 1400 2487 juxta
1426 2391 1537 2475 sitos,
1568 2400 1649 2456 tra-

246 2491 357 2569 hant,
379 2489 561 2558 excidant.
582 2497 642 2578 Ep.
655 2496 698 2559 de
718 2499 803 2580 Rep.
825 2497 909 2565 Ord.
920 2501 962 2565 11.
979 2503 1009 2561 3.
1031 2520 1122 2581 quos
1142 2500 1369 2565 commodum
1392 2506 1462 2578 est,
1484 2497 1651 2579 trahunt,

248 2593 410 2680 rapiunt.
431 2599 535 2682 paulo
558 2599 690 2662 diversa
711 2610 760 2662 est
781 2601 870 2664 ratio
892 2603 976 2684 loci,
1007 2603 1068 2685 qui
1089 2603 1180 2666 infra
1201 2624 1272 2687 cap.
1286 2603 1355 2665 XX.
1376 2602 1514 2687 legitur.
1538 2621 1651 2683 pecu-

247 2699 348 2764 niam
370 2705 546 2780 trahunt,
567 2712 698 2768 verant
716 2725 820 2786 quem
836 2707 926 2771 vide.
948 2708 1007 2770 cfr.
1027 2709 1133 2771 Tacit.
1154 2709 1277 2770 Annal.
1300 2711 1329 2769 3.
1341 2705 1648 2786 74.-modum-

248 2807 395 2869 modest.
417 2810 490 2872 haec
510 2808 575 2871 Sal.
598 2829 804 2893 componere
826 2822 927 2874 amat.
960 2813 1020 2875 cfr.
1043 2814 1137 2876 infra
1158 2834 1229 2896 cap.
1245 2815 1296 2873 38.
1332 2830 1447 2890 neque
1468 2803 1647 2870 modestia

248 2929 363 2992 neque
384 2913 512 2974 modus
534 2911 781 2975 contentionis
802 2917 1060 3000 eractugurth.
1074 2930 1125 2991 41.
1147 2912 1225 2977 eine
1242 2913 1367 2995 modo,
1387 2906 1646 2990 modestiaque.

247 3014 358 3076 Plaut.
378 3015 535 3085 Bacchid.
551 3031 580 3089 4.
593 3019 621 3076 3.
634 3023 663 3080 2.
686 3010 764 3078 eine
786 3016 892 3081 modo
915 3027 950 3079 et
970 3016 1148 3081 modestia
1168 3041 1258 3082 eum.
1287 3013 1464 3078 modestia
1482 3015 1551 3076 hoc
1571 3015 1650 3076 loco

248 3137 320 3180 non
342 3127 407 3198 est,
430 3139 505 3200 quae
524 3120 629 3202 vulgo
651 3119 700 3180 ita
720 3119 863 3202 dicitur,
885 3123 944 3182 sed
964 3122 1166 3184 moderatio.
1188 3121 1246 3183 cfr.
1259 3121 1327 3182 Cic.
1340 3123 1438 3187 Tusc.
1453 3123 1482 3182 3.
1494 3119 1524 3179 8.
1553 3119 1650 3182 Eam

249 3219 418 3287 virtutem
441 3220 574 3286 Graeci
591 3220 776 3319 cooperient
797 3232 947 3308 vocant,
977 3246 1085 3306 quam
1114 3229 1213 3289 soleo
1236 3221 1396 3306 equidem
1419 3233 1496 3285 tum
1519 3230 1651 3307 tempe·

248 3326 423 3410 rontium,
445 3334 523 3388 tum
543 3323 830 3389 moderationem
852 3331 1053 3409 appellare,
1075 3333 1459 3410 nonnunquamettam
1479 3324 1650 3392 modesti-

249 3453 321 3500 am.
341 3434 437 3502 Auct.
461 3435 505 3494 ad
525 3434 675 3494 Herenn.
697 3434 725 3493 3.
744 3453 772 3498 2.
795 3431 972 3494 modestia
992 3440 1045 3496 est
1065 3433 1104 3497 in
1125 3432 1249 3499 animo
1271 3428 1462 3497 continens
1482 3434 1651 3497 modera-

250 3533 303 3602 tio
326 3531 580 3617 cupiditatum.
607 3534 712 3600 Cicer.
738 3536 781 3596 de
801 3536 876 3597 Jnv.
891 3552 919 3603 a.
941 3537 990 3612 54.
1019 3536 1197 3602 modestia
1218 3548 1289 3622 eet,
1306 3560 1377 3620 per
1397 3559 1507 3619 quom
1522 3540 1649 3620 pudor
1743 3569 1745 3573 ’

249 3641 422 3705 honestus
434 3641 573 3701 claram
584 3647 620 3701 et
630 3633 797 3701 stabilem
809 3650 1003 3722 comparat
1022 3640 1286 3710 auctoritatem
1296 3642 1474 3705 -modue
1485 3641 1508 3703 i.
1525 3663 1553 3706 e.
1567 3643 1649 3708 finis

249 3744 426 3810 terminus.
451 3742 510 3804 cir.
525 3741 593 3805 Cic.
607 3743 647 3804 in
662 3744 758 3808 Verr.
777 3758 807 3816 4.
824 3745 874 3817 48,
900 3745 1046 3807 modum
1068 3741 1226 3824 aliquem
1247 3753 1283 3808 et
1289 3746 1407 3829 finem
1431 3741 1599 3808 orationi
1610 3753 1648 3811 et

250 3846 463 3916 criminibus
472 3844 617 3938 facere.
637 3855 787 3910 ceterum
808 3846 952 3909 modum
974 3845 1105 3908 tabere
1125 3847 1228 3909 etiam
1250 3847 1318 3916 Cic.
1341 3847 1437 3915 dixit.
1458 3846 1519 3916 cfr.
1538 3850 1583 3918 II.
1604 3853 1649 3916 de

250 3955 325 4018 Fin.
348 3963 381 4018 et
402 3953 566 4037 Quinctil.
587 3953 627 4014 X.
650 3975 679 4032 7.
694 3958 883 4034 postremo
906 3949 1087 4012 habebant
1107 3953 1252 4016 modum
1274 3960 1310 4016 et
1316 3952 1488 4038 finem·
1502 3951 1542 4017 in
1562 3951 1649 4022 civi·

252 4057 327 4121 bus.
349 4060 442 4138 quod
463 4057 598 4119 Cottius
616 4057 720 4120 unius
741 4054 850 4140 Regii.
860 4053 999 4116 Codicis
1019 4055 1182 4120 aWassio
1201 4057 1333 4121 laudati
1352 4059 1554 4124 auctoritate
1568 4078 1649 4143 per*

252 4171 381 4245 motus,
400 4160 579 4224 intextum
599 4161 737 4246 recepit,
754 4161 870 4225 nullus
883 4169 1047 4248 preterea
1059 4161 1231 4228 librorum
1238 4166 1317 4231 Mss.
1339 4164 1540 4232 confirmare
1553 4163 1648 4230 vidc-

1222 4301 1246 4372 8
