<?xml version="1.0" encoding="UTF-8"?>
<!DOCTYPE html PUBLIC "-//W3C//DTD XHTML 1.0 Transitional//EN"
    "http://www.w3.org/TR/xhtml1/DTD/xhtml1-transitional.dtd">
<html xmlns="http://www.w3.org/1999/xhtml" xml:lang="en" lang="en">
 <head>
  <title>
</title>
<meta http-equiv="Content-Type" content="text/html;charset=utf-8" />
  <meta name='ocr-system' content='tesseract 3.04.00' />
  <meta name='ocr-capabilities' content='ocr_page ocr_carea ocr_par ocr_line ocrx_word'/>
</head>
<body>
  <div class='ocr_page' id='page_1' title='image "./salustiiquaeexs02sallgoog_0186.png"; bbox 0 0 4106 4974; ppageno 0'>
   <div class='ocr_carea' id='block_1_1' title="bbox 1608 399 1680 472">
    <p class='ocr_par' dir='ltr' id='par_1_1' title="bbox 1608 399 1680 472">
     <span class='ocr_line' id='line_1_1' title="bbox 1608 399 1680 472; baseline 0.056 -4"><span class='ocrx_word' id='word_1_1' title='bbox 1608 399 1680 472; x_wconf 75' lang='lat'><strong>215</strong></span> 
     </span>
    </p>
   </div>
   <div class='ocr_carea' id='block_1_2' title="bbox 162 673 1764 1066">
    <p class='ocr_par' dir='ltr' id='par_1_2' title="bbox 162 673 1764 873">
     <span class='ocr_line' id='line_1_2' title="bbox 339 673 1682 762; baseline 0.013 -25"><span class='ocrx_word' id='word_1_2' title='bbox 339 674 380 738; x_wconf 87' lang='lat' dir='ltr'><strong>ln</strong></span> <span class='ocrx_word' id='word_1_3' title='bbox 400 673 502 756; x_wconf 85' lang='lat' dir='ltr'><strong>hujus</strong></span> <span class='ocrx_word' id='word_1_4' title='bbox 520 675 606 742; x_wconf 81' lang='lat' dir='ltr'><strong>libri</strong></span> <span class='ocrx_word' id='word_1_5' title='bbox 625 675 852 762; x_wconf 75' lang='lat' dir='ltr'><strong>inscriptione</strong></span> <span class='ocrx_word' id='word_1_6' title='bbox 872 678 983 743; x_wconf 89' lang='lat' dir='ltr'><strong>multo</strong></span> <span class='ocrx_word' id='word_1_7' title='bbox 1003 678 1119 744; x_wconf 87' lang='lat' dir='ltr'><strong>minus</strong></span> <span class='ocrx_word' id='word_1_8' title='bbox 1136 678 1272 746; x_wconf 77' lang='lat' dir='ltr'><strong>variam</strong></span> <span class='ocrx_word' id='word_1_9' title='bbox 1292 681 1396 748; x_wconf 76' lang='lat' dir='ltr'><strong>coda</strong></span> <span class='ocrx_word' id='word_1_10' title='bbox 1423 684 1566 750; x_wconf 82' lang='lat' dir='ltr'><strong>Bellum</strong></span> <span class='ocrx_word' id='word_1_11' title='bbox 1586 687 1682 753; x_wconf 86' lang='lat' dir='ltr'><strong>enim</strong></span> 
     </span>
     <span class='ocr_line' id='line_1_3' title="bbox 162 775 1764 873; baseline 0.009 -30"><span class='ocrx_word' id='word_1_12' title='bbox 162 853 164 858; x_wconf 82' lang='lat'><em>.</em></span> <span class='ocrx_word' id='word_1_13' title='bbox 276 775 674 868; x_wconf 72' lang='lat' dir='ltr'><strong>Jugurthinum&#39;mrlgo</strong></span> <span class='ocrx_word' id='word_1_14' title='bbox 693 783 914 870; x_wconf 79' lang='lat' dir='ltr'><strong>inscribitur,</strong></span> <span class='ocrx_word' id='word_1_15' title='bbox 940 785 1025 848; x_wconf 88' lang='lat' dir='ltr'><strong>nisi·</strong></span> <span class='ocrx_word' id='word_1_16' title='bbox 1040 789 1136 868; x_wconf 89' lang='lat' dir='ltr'><strong>quod</strong></span> <span class='ocrx_word' id='word_1_17' title='bbox 1161 786 1406 873; x_wconf 81' lang='lat' dir='ltr'><strong>saepiusapud</strong></span> <span class='ocrx_word' id='word_1_18' title='bbox 1433 790 1683 861; x_wconf 74' lang='lat' dir='ltr'><strong>Grammaticos</strong></span> <span class='ocrx_word' id='word_1_19' title='bbox 1759 843 1764 858; x_wconf 83' lang='grc'><strong>.</strong></span> 
     </span>
    </p>

    <p class='ocr_par' dir='ltr' id='par_1_3' title="bbox 242 885 1745 1066">
     <span class='ocr_line' id='line_1_4' title="bbox 275 885 1745 975; baseline 0.012 -25"><span class='ocrx_word' id='word_1_20' title='bbox 275 885 437 967; x_wconf 81' lang='lat' dir='ltr'><strong>antiquos</strong></span> <span class='ocrx_word' id='word_1_21' title='bbox 463 885 602 951; x_wconf 83' lang='lat' dir='ltr'><strong>brevius</strong></span> <span class='ocrx_word' id='word_1_22' title='bbox 618 886 815 975; x_wconf 80' lang='lat' dir='ltr'><strong>Jugurtha</strong></span> <span class='ocrx_word' id='word_1_23' title='bbox 840 887 1021 975; x_wconf 79' lang='lat' dir='ltr'><strong>laudatur,</strong></span> <span class='ocrx_word' id='word_1_24' title='bbox 1047 891 1109 974; x_wconf 87' lang='lat' dir='ltr'><strong>qui</strong></span> <span class='ocrx_word' id='word_1_25' title='bbox 1134 890 1243 960; x_wconf 85' lang='lat' dir='ltr'><strong>iidem</strong></span> <span class='ocrx_word' id='word_1_26' title='bbox 1273 893 1458 975; x_wconf 78' lang='lat' dir='ltr'><strong>aliquoties</strong></span> <span class='ocrx_word' id='word_1_27' title='bbox 1484 900 1679 966; x_wconf 82' lang='lat' dir='ltr'><strong>secundam</strong></span> <span class='ocrx_word' id='word_1_28' title='bbox 1743 947 1745 951; x_wconf 92' lang='lat'>-</span> 
     </span>
     <span class='ocr_line' id='line_1_5' title="bbox 242 976 879 1066; baseline 0.011 -15"><span class='ocrx_word' id='word_1_29' title='bbox 242 1061 247 1066; x_wconf 48' lang='lat'>‚</span> <span class='ocrx_word' id='word_1_30' title='bbox 274 984 468 1057; x_wconf 67' lang='lat' dir='ltr'><strong>irrisoriam</strong></span> <span class='ocrx_word' id='word_1_31' title='bbox 488 976 581 1056; x_wconf 86' lang='lat' dir='ltr'><strong>hunc</strong></span> <span class='ocrx_word' id='word_1_32' title='bbox 600 990 731 1056; x_wconf 88' lang='lat' dir='ltr'><strong>librum</strong></span> <span class='ocrx_word' id='word_1_33' title='bbox 749 993 879 1060; x_wconf 80' lang='lat' dir='ltr'><strong>dicunt.</strong></span> 
     </span>
    </p>
   </div>
   <div class='ocr_carea' id='block_1_3' title="bbox 356 1151 1680 1271">
    <p class='ocr_par' dir='ltr' id='par_1_4' title="bbox 356 1151 1680 1271">
     <span class='ocr_line' id='line_1_6' title="bbox 356 1151 1680 1271; baseline 0.013 -34"><span class='ocrx_word' id='word_1_34' title='bbox 356 1176 436 1261; x_wconf 84' lang='lat' dir='ltr'><strong>Gap.</strong></span> <span class='ocrx_word' id='word_1_35' title='bbox 457 1177 484 1240; x_wconf 91' lang='grc' dir='ltr'><strong>Ι.</strong></span> <span class='ocrx_word' id='word_1_36' title='bbox 524 1177 607 1242; x_wconf 76' lang='lat' dir='ltr'><strong>Hac</strong></span> <span class='ocrx_word' id='word_1_37' title='bbox 625 1174 783 1264; x_wconf 74' lang='lat' dir='ltr'><strong>prelatio</strong></span> <span class='ocrx_word' id='word_1_38' title='bbox 802 1197 912 1266; x_wconf 85' lang='lat' dir='ltr'><strong>usque</strong></span> <span class='ocrx_word' id='word_1_39' title='bbox 932 1184 978 1248; x_wconf 83' lang='lat' dir='ltr'><strong>ad</strong></span> <span class='ocrx_word' id='word_1_40' title='bbox 997 1200 1075 1268; x_wconf 87' lang='lat' dir='ltr'><strong>cap.</strong></span> <span class='ocrx_word' id='word_1_41' title='bbox 1089 1183 1150 1246; x_wconf 86' lang='lat'><strong>111.</strong></span> <span class='ocrx_word' id='word_1_42' title='bbox 1170 1177 1226 1268; x_wconf 83' lang='lat' dir='ltr'><strong>iis,</strong></span> <span class='ocrx_word' id='word_1_43' title='bbox 1245 1201 1321 1265; x_wconf 78' lang='lat' dir='ltr'><strong>qua</strong></span> <span class='ocrx_word' id='word_1_44' title='bbox 1342 1151 1497 1252; x_wconf 76' lang='lat' dir='ltr'><strong>Catilinas</strong></span> <span class='ocrx_word' id='word_1_45' title='bbox 1519 1185 1680 1271; x_wconf 67' lang='lat' dir='ltr'><strong>praetatus</strong></span> 
     </span>
    </p>
   </div>
   <div class='ocr_carea' id='block_1_4' title="bbox 242 1281 1809 1382">
    <p class='ocr_par' dir='ltr' id='par_1_5' title="bbox 242 1281 1809 1382">
     <span class='ocr_line' id='line_1_7' title="bbox 242 1281 1809 1382; baseline 0.008 -36"><span class='ocrx_word' id='word_1_46' title='bbox 242 1349 246 1352; x_wconf 78' lang='grc'><strong>,</strong></span> <span class='ocrx_word' id='word_1_47' title='bbox 275 1285 324 1346; x_wconf 85' lang='lat' dir='ltr'><strong>est</strong></span> <span class='ocrx_word' id='word_1_48' title='bbox 349 1281 442 1365; x_wconf 79' lang='lat' dir='ltr'><strong>Sal,</strong></span> <span class='ocrx_word' id='word_1_49' title='bbox 469 1283 563 1348; x_wconf 90' lang='lat' dir='ltr'><strong>haud</strong></span> <span class='ocrx_word' id='word_1_50' title='bbox 583 1283 772 1366; x_wconf 80' lang='lat' dir='ltr'><strong>absimilis3</strong></span> <span class='ocrx_word' id='word_1_51' title='bbox 792 1291 853 1354; x_wconf 88' lang='lat' dir='ltr'><strong>sed</strong></span> <span class='ocrx_word' id='word_1_52' title='bbox 871 1288 1083 1362; x_wconf 75' lang='lat' dir='ltr'><strong>illamentea</strong></span> <span class='ocrx_word' id='word_1_53' title='bbox 1100 1287 1260 1373; x_wconf 77' lang='lat' dir='ltr'><strong>scriptam</strong></span> <span class='ocrx_word' id='word_1_54' title='bbox 1280 1309 1351 1356; x_wconf 85' lang='lat' dir='ltr'><strong>esse</strong></span> <span class='ocrx_word' id='word_1_55' title='bbox 1370 1290 1473 1356; x_wconf 82' lang='lat' dir='ltr'><strong>facile</strong></span> <span class='ocrx_word' id='word_1_56' title='bbox 1492 1289 1679 1378; x_wconf 81' lang='lat' dir='ltr'><strong>intelligas.</strong></span> <span class='ocrx_word' id='word_1_57' title='bbox 1802 1370 1809 1382; x_wconf 32' lang='grc' dir='ltr'>ι</span> 
     </span>
    </p>
   </div>
   <div class='ocr_carea' id='block_1_5' title="bbox 257 1387 1776 3386">
    <p class='ocr_par' dir='ltr' id='par_1_6' title="bbox 257 1387 1776 3386">
     <span class='ocr_line' id='line_1_8' title="bbox 274 1387 1680 1481; baseline 0.009 -32"><span class='ocrx_word' id='word_1_58' title='bbox 274 1392 424 1478; x_wconf 79' lang='lat' dir='ltr'><strong>ceterum</strong></span> <span class='ocrx_word' id='word_1_59' title='bbox 447 1387 550 1468; x_wconf 89' lang='lat' dir='ltr'><strong>hujus</strong></span> <span class='ocrx_word' id='word_1_60' title='bbox 575 1388 662 1454; x_wconf 89' lang='lat' dir='ltr'><strong>libri</strong></span> <span class='ocrx_word' id='word_1_61' title='bbox 691 1390 833 1460; x_wconf 87' lang='lat' dir='ltr'><strong>initium</strong></span> <span class='ocrx_word' id='word_1_62' title='bbox 861 1393 907 1456; x_wconf 90' lang='lat' dir='ltr'><strong>ab</strong></span> <span class='ocrx_word' id='word_1_63' title='bbox 925 1393 1078 1477; x_wconf 86' lang='lat' dir='ltr'><strong>antiquis</strong></span> <span class='ocrx_word' id='word_1_64' title='bbox 1097 1394 1329 1481; x_wconf 80' lang='lat' dir='ltr'><strong>grammaticis</strong></span> <span class='ocrx_word' id='word_1_65' title='bbox 1358 1415 1430 1461; x_wconf 92' lang='lat' dir='ltr'><strong>non</strong></span> <span class='ocrx_word' id='word_1_66' title='bbox 1457 1416 1530 1461; x_wconf 89' lang='lat' dir='ltr'><strong>uno</strong></span> <span class='ocrx_word' id='word_1_67' title='bbox 1563 1398 1680 1462; x_wconf 91' lang='lat' dir='ltr'><strong>nomi-</strong></span> 
     </span>
     <span class='ocr_line' id='line_1_9' title="bbox 272 1495 1679 1588; baseline 0.007 -34"><span class='ocrx_word' id='word_1_68' title='bbox 272 1508 317 1554; x_wconf 87' lang='lat' dir='ltr'><strong>ne</strong></span> <span class='ocrx_word' id='word_1_69' title='bbox 348 1498 509 1556; x_wconf 87' lang='lat' dir='ltr'><strong>notatum</strong></span> <span class='ocrx_word' id='word_1_70' title='bbox 531 1501 591 1564; x_wconf 87' lang='lat' dir='ltr'><strong>est.</strong></span> <span class='ocrx_word' id='word_1_71' title='bbox 630 1495 907 1583; x_wconf 78' lang='lat' dir='ltr'><strong>Quinctilianum</strong></span> <span class='ocrx_word' id='word_1_72' title='bbox 937 1498 1033 1581; x_wconf 85' lang='lat' dir='ltr'><strong>enim</strong></span> <span class='ocrx_word' id='word_1_73' title='bbox 1068 1500 1224 1585; x_wconf 87' lang='lat' dir='ltr'><strong>(Institt.</strong></span> <span class='ocrx_word' id='word_1_74' title='bbox 1252 1503 1387 1571; x_wconf 83' lang='lat' dir='ltr'><strong>Orator.</strong></span> <span class='ocrx_word' id='word_1_75' title='bbox 1417 1521 1448 1582; x_wconf 88' lang='lat'><strong>9.</strong></span> <span class='ocrx_word' id='word_1_76' title='bbox 1469 1501 1541 1588; x_wconf 73' lang='lat'><strong>4.)</strong></span> <span class='ocrx_word' id='word_1_77' title='bbox 1568 1498 1603 1576; x_wconf 69' lang='lat'><strong>&#39;10&#39;</strong></span> <span class='ocrx_word' id='word_1_78' title='bbox 1632 1499 1679 1574; x_wconf 68' lang='grc' dir='ltr'><strong>ὤ.</strong></span> 
     </span>
     <span class='ocr_line' id='line_1_10' title="bbox 273 1600 1776 1696; baseline 0.004 -34"><span class='ocrx_word' id='word_1_79' title='bbox 273 1601 398 1696; x_wconf 59' lang='grc' dir='ltr'><em>ςυθμη</em></span> <span class='ocrx_word' id='word_1_80' title='bbox 417 1601 542 1664; x_wconf 91' lang='lat' dir='ltr'><strong>horum</strong></span> <span class='ocrx_word' id='word_1_81' title='bbox 561 1602 748 1668; x_wconf 76' lang='lat' dir='ltr'><strong>uerborum</strong></span> <span class='ocrx_word' id='word_1_82' title='bbox 768 1600 932 1686; x_wconf 83' lang='lat' dir='ltr'><strong>offendit;</strong></span> <span class='ocrx_word' id='word_1_83' title='bbox 952 1607 1014 1670; x_wconf 86' lang='lat' dir='ltr'><strong>sed</strong></span> <span class='ocrx_word' id='word_1_84' title='bbox 1034 1602 1096 1674; x_wconf 79' lang='lat' dir='ltr'><strong>cir.</strong></span> <span class='ocrx_word' id='word_1_85' title='bbox 1117 1609 1280 1670; x_wconf 85' lang='lat' dir='ltr'><strong>adnotata</strong></span> <span class='ocrx_word' id='word_1_86' title='bbox 1300 1609 1344 1670; x_wconf 90' lang='lat' dir='ltr'><strong>ad</strong></span> <span class='ocrx_word' id='word_1_87' title='bbox 1365 1607 1436 1674; x_wconf 83' lang='lat' dir='ltr'><strong>Cat.</strong></span> <span class='ocrx_word' id='word_1_88' title='bbox 1453 1627 1501 1688; x_wconf 83' lang='lat'><strong>¹9·</strong></span> <span class='ocrx_word' id='word_1_89' title='bbox 1541 1607 1679 1674; x_wconf 84' lang='lat' dir='ltr'><strong>Servius</strong></span> <span class='ocrx_word' id='word_1_90' title='bbox 1775 1664 1776 1668; x_wconf 75' lang='grc'>,</span> 
     </span>
     <span class='ocr_line' id='line_1_11' title="bbox 271 1703 1680 1801; baseline 0.009 -37"><span class='ocrx_word' id='word_1_91' title='bbox 271 1703 346 1786; x_wconf 81' lang='lat' dir='ltr'><strong>(ad</strong></span> <span class='ocrx_word' id='word_1_92' title='bbox 364 1704 447 1773; x_wconf 81' lang='lat' dir='ltr'><strong>Aen.</strong></span> <span class='ocrx_word' id='word_1_93' title='bbox 468 1726 517 1770; x_wconf 88' lang='grc' dir='ltr'><strong>ιι.</strong></span> <span class='ocrx_word' id='word_1_94' title='bbox 531 1707 625 1791; x_wconf 78' lang='grc' dir='ltr'><strong>58ι.)</strong></span> <span class='ocrx_word' id='word_1_95' title='bbox 645 1729 709 1795; x_wconf 90' lang='lat' dir='ltr'><strong>pro</strong></span> <span class='ocrx_word' id='word_1_96' title='bbox 729 1710 873 1776; x_wconf 89' lang='lat' dir='ltr'><strong>insolito</strong></span> <span class='ocrx_word' id='word_1_97' title='bbox 892 1711 1034 1794; x_wconf 89' lang='lat' dir='ltr'><strong>habuit,</strong></span> <span class='ocrx_word' id='word_1_98' title='bbox 1062 1712 1158 1792; x_wconf 91' lang='lat' dir='ltr'><strong>quod</strong></span> <span class='ocrx_word' id='word_1_99' title='bbox 1177 1711 1383 1794; x_wconf 85' lang='lat' dir='ltr'><strong>particulam</strong></span> <span class='ocrx_word' id='word_1_100' title='bbox 1392 1707 1501 1801; x_wconf 83' lang='lat' dir='ltr'><strong>falso</strong></span> <span class='ocrx_word' id='word_1_101' title='bbox 1527 1713 1680 1778; x_wconf 87' lang='lat' dir='ltr'><strong>orationi</strong></span> 
     </span>
     <span class='ocr_line' id='line_1_12' title="bbox 267 1807 1680 1898; baseline 0.011 -29"><span class='ocrx_word' id='word_1_102' title='bbox 267 1807 461 1894; x_wconf 76' lang='lat' dir='ltr'><strong>praefixerit,</strong></span> <span class='ocrx_word' id='word_1_103' title='bbox 481 1818 533 1894; x_wconf 88' lang='lat' dir='ltr'><strong>et,</strong></span> <span class='ocrx_word' id='word_1_104' title='bbox 553 1819 736 1895; x_wconf 85' lang='lat' dir='ltr'><strong>antequam</strong></span> <span class='ocrx_word' id='word_1_105' title='bbox 757 1835 830 1878; x_wconf 90' lang='lat' dir='ltr'><strong>rem</strong></span> <span class='ocrx_word' id='word_1_106' title='bbox 851 1813 997 1898; x_wconf 87' lang='lat' dir='ltr'><strong>diceret,</strong></span> <span class='ocrx_word' id='word_1_107' title='bbox 1017 1813 1091 1892; x_wconf 87' lang='lat' dir='ltr'><strong>ejus</strong></span> <span class='ocrx_word' id='word_1_108' title='bbox 1110 1821 1271 1880; x_wconf 74' lang='lat' dir='ltr'><strong>eventum</strong></span> <span class='ocrx_word' id='word_1_109' title='bbox 1290 1816 1491 1891; x_wconf 81' lang='lat' dir='ltr'><strong>ostenderit,</strong></span> <span class='ocrx_word' id='word_1_110' title='bbox 1512 1817 1580 1884; x_wconf 84' lang='lat' dir='ltr'><strong>Sed</strong></span> <span class='ocrx_word' id='word_1_111' title='bbox 1599 1818 1680 1884; x_wconf 88' lang='lat' dir='ltr'><strong>aliis</strong></span> 
     </span>
     <span class='ocr_line' id='line_1_13' title="bbox 268 1915 1679 2006; baseline 0.007 -30"><span class='ocrx_word' id='word_1_112' title='bbox 268 1933 408 1994; x_wconf 88' lang='lat' dir='ltr'><strong>quoque</strong></span> <span class='ocrx_word' id='word_1_113' title='bbox 426 1915 651 1999; x_wconf 87' lang='lat' dir='ltr'><strong>scriptoribus</strong></span> <span class='ocrx_word' id='word_1_114' title='bbox 670 1918 737 1982; x_wconf 88' lang='lat' dir='ltr'><strong>hoc</strong></span> <span class='ocrx_word' id='word_1_115' title='bbox 753 1916 918 1984; x_wconf 89' lang='lat' dir='ltr'><strong>usitatum</strong></span> <span class='ocrx_word' id='word_1_116' title='bbox 939 1917 1061 2004; x_wconf 67' lang='lat' dir='ltr'><strong>brimo,</strong></span> <span class='ocrx_word' id='word_1_117' title='bbox 1082 1918 1201 1984; x_wconf 89' lang='lat' dir='ltr'><strong>multis</strong></span> <span class='ocrx_word' id='word_1_118' title='bbox 1220 1920 1385 2005; x_wconf 85' lang='lat' dir='ltr'><strong>exemplis</strong></span> <span class='ocrx_word' id='word_1_119' title='bbox 1404 1928 1508 2006; x_wconf 86' lang='lat' dir='ltr'><strong>patet.</strong></span> <span class='ocrx_word' id='word_1_120' title='bbox 1536 1931 1679 1988; x_wconf 83' lang='lat' dir='ltr'><strong>natura</strong></span> 
     </span>
     <span class='ocr_line' id='line_1_14' title="bbox 266 2015 1696 2112; baseline 0.008 -32"><span class='ocrx_word' id='word_1_121' title='bbox 266 2036 348 2090; x_wconf 82' lang='lat' dir='ltr'><strong>sua.</strong></span> <span class='ocrx_word' id='word_1_122' title='bbox 366 2038 581 2105; x_wconf 83' lang='lat' dir='ltr'><strong>pronomen,</strong></span> <span class='ocrx_word' id='word_1_123' title='bbox 599 2025 694 2104; x_wconf 90' lang='lat' dir='ltr'><strong>quod</strong></span> <span class='ocrx_word' id='word_1_124' title='bbox 712 2021 752 2087; x_wconf 92' lang='lat' dir='ltr'><strong>in</strong></span> <span class='ocrx_word' id='word_1_125' title='bbox 771 2025 891 2089; x_wconf 89' lang='lat' dir='ltr'><strong>multis</strong></span> <span class='ocrx_word' id='word_1_126' title='bbox 911 2024 1012 2089; x_wconf 89' lang='lat' dir='ltr'><strong>libris</strong></span> <span class='ocrx_word' id='word_1_127' title='bbox 1031 2025 1150 2089; x_wconf 91' lang='lat' dir='ltr'><strong>locum</strong></span> <span class='ocrx_word' id='word_1_128' title='bbox 1169 2033 1296 2110; x_wconf 87' lang='lat' dir='ltr'><strong>mutat,</strong></span> <span class='ocrx_word' id='word_1_129' title='bbox 1316 2026 1404 2088; x_wconf 88' lang='lat' dir='ltr'><strong>etin</strong></span> <span class='ocrx_word' id='word_1_130' title='bbox 1417 2025 1597 2091; x_wconf 88' lang='lat' dir='ltr'><strong>nonnullis</strong></span> <span class='ocrx_word' id='word_1_131' title='bbox 1607 2015 1696 2112; x_wconf 56' lang='lat' dir='ltr'><strong>⁸sui</strong></span> 
     </span>
     <span class='ocr_line' id='line_1_15' title="bbox 267 2121 1693 2214; baseline 0.008 -29"><span class='ocrx_word' id='word_1_132' title='bbox 267 2121 431 2187; x_wconf 86' lang='lat' dir='ltr'><strong>scribitur</strong></span> <span class='ocrx_word' id='word_1_133' title='bbox 451 2128 523 2214; x_wconf 88' lang='lat' dir='ltr'><strong>(ita</strong></span> <span class='ocrx_word' id='word_1_134' title='bbox 542 2129 647 2195; x_wconf 86' lang='lat' dir='ltr'><strong>etiam</strong></span> <span class='ocrx_word' id='word_1_135' title='bbox 667 2131 706 2192; x_wconf 91' lang='lat' dir='ltr'><strong>in</strong></span> <span class='ocrx_word' id='word_1_136' title='bbox 725 2132 812 2196; x_wconf 87' lang='lat' dir='ltr'><strong>Ven.</strong></span> <span class='ocrx_word' id='word_1_137' title='bbox 826 2128 885 2212; x_wconf 85' lang='lat' dir='ltr'><strong>a.)</strong></span> <span class='ocrx_word' id='word_1_138' title='bbox 911 2128 952 2192; x_wconf 89' lang='lat' dir='ltr'><strong>in</strong></span> <span class='ocrx_word' id='word_1_139' title='bbox 971 2129 1080 2194; x_wconf 89' lang='lat' dir='ltr'><strong>tribus</strong></span> <span class='ocrx_word' id='word_1_140' title='bbox 1104 2129 1270 2194; x_wconf 86' lang='lat' dir='ltr'><strong>omissum</strong></span> <span class='ocrx_word' id='word_1_141' title='bbox 1290 2136 1349 2194; x_wconf 86' lang='lat' dir='ltr'><strong>est.</strong></span> <span class='ocrx_word' id='word_1_142' title='bbox 1379 2130 1491 2195; x_wconf 84' lang='lat' dir='ltr'><strong>Guell.</strong></span> <span class='ocrx_word' id='word_1_143' title='bbox 1512 2133 1544 2201; x_wconf 80' lang='lat'><strong>5.</strong></span> <span class='ocrx_word' id='word_1_144' title='bbox 1572 2133 1693 2197; x_wconf 86' lang='lat' dir='ltr'><strong>Com-&#39;</strong></span> 
     </span>
     <span class='ocr_line' id='line_1_16' title="bbox 266 2231 1696 2324; baseline 0.006 -32"><span class='ocrx_word' id='word_1_145' title='bbox 266 2233 349 2296; x_wconf 89' lang='lat' dir='ltr'><strong>mel.</strong></span> <span class='ocrx_word' id='word_1_146' title='bbox 371 2231 459 2307; x_wconf 83' lang='lat' dir='ltr'><strong>Min.</strong></span> <span class='ocrx_word' id='word_1_147' title='bbox 478 2257 508 2300; x_wconf 89' lang='grc' dir='ltr'><strong>ι.</strong></span> <span class='ocrx_word' id='word_1_148' title='bbox 526 2243 560 2301; x_wconf 89' lang='lat' dir='ltr'><strong>et</strong></span> <span class='ocrx_word' id='word_1_149' title='bbox 578 2236 717 2299; x_wconf 84' lang='lat' dir='ltr'><strong>ridetur</strong></span> <span class='ocrx_word' id='word_1_150' title='bbox 735 2254 817 2300; x_wconf 85' lang='lat' dir='ltr'><strong>sane</strong></span> <span class='ocrx_word' id='word_1_151' title='bbox 835 2253 934 2320; x_wconf 88' lang='lat' dir='ltr'><strong>posse</strong></span> <span class='ocrx_word' id='word_1_152' title='bbox 954 2234 1070 2299; x_wconf 91' lang='lat' dir='ltr'><strong>omitti</strong></span> <span class='ocrx_word' id='word_1_153' title='bbox 1093 2242 1236 2320; x_wconf 87' lang='lat' dir='ltr'><strong>propter</strong></span> <span class='ocrx_word' id='word_1_154' title='bbox 1255 2254 1373 2324; x_wconf 82' lang='lat' dir='ltr'><strong>genus</strong></span> <span class='ocrx_word' id='word_1_155' title='bbox 1399 2234 1549 2302; x_wconf 80' lang='lat' dir='ltr'><strong>human.</strong></span> <span class='ocrx_word' id='word_1_156' title='bbox 1578 2240 1674 2319; x_wconf 88' lang='lat' dir='ltr'><strong>quod</strong></span> <span class='ocrx_word' id='word_1_157' title='bbox 1694 2249 1696 2255; x_wconf 82' lang='grc'><em>·</em></span> 
     </span>
     <span class='ocr_line' id='line_1_17' title="bbox 267 2335 1674 2433; baseline 0.001 -27"><span class='ocrx_word' id='word_1_158' title='bbox 267 2350 316 2406; x_wconf 88' lang='lat' dir='ltr'><strong>est</strong></span> <span class='ocrx_word' id='word_1_159' title='bbox 324 2340 530 2427; x_wconf 83' lang='lat' dir='ltr'><strong>oppositum,</strong></span> <span class='ocrx_word' id='word_1_160' title='bbox 549 2349 583 2408; x_wconf 84' lang='lat' dir='ltr'><strong>et</strong></span> <span class='ocrx_word' id='word_1_161' title='bbox 603 2349 715 2406; x_wconf 87' lang='lat' dir='ltr'><strong>cetera</strong></span> <span class='ocrx_word' id='word_1_162' title='bbox 735 2361 811 2426; x_wconf 77' lang='lat' dir='ltr'><strong>qua</strong></span> <span class='ocrx_word' id='word_1_163' title='bbox 831 2349 1032 2424; x_wconf 80' lang='lat' dir='ltr'><strong>sequuntur,</strong></span> <span class='ocrx_word' id='word_1_164' title='bbox 1041 2335 1153 2433; x_wconf 82' lang='lat' dir='ltr'><strong>forte</strong></span> <span class='ocrx_word' id='word_1_165' title='bbox 1171 2339 1196 2404; x_wconf 91' lang='lat' dir='ltr'><strong>i.</strong></span> <span class='ocrx_word' id='word_1_166' title='bbox 1209 2359 1238 2406; x_wconf 80' lang='lat' dir='ltr'><strong>e</strong></span> <span class='ocrx_word' id='word_1_167' title='bbox 1261 2359 1352 2410; x_wconf 84' lang='lat' dir='ltr'><strong>casu.</strong></span> <span class='ocrx_word' id='word_1_168' title='bbox 1374 2349 1466 2424; x_wconf 81' lang='lat' dir='ltr'><strong>recte</strong></span> <span class='ocrx_word' id='word_1_169' title='bbox 1484 2340 1604 2406; x_wconf 86' lang='lat' dir='ltr'><strong>Cicero</strong></span> <span class='ocrx_word' id='word_1_170' title='bbox 1630 2345 1674 2408; x_wconf 85' lang='lat' dir='ltr'><strong>de</strong></span> 
     </span>
     <span class='ocr_line' id='line_1_18' title="bbox 266 2443 1756 2538; baseline 0.001 -28"><span class='ocrx_word' id='word_1_171' title='bbox 266 2449 372 2532; x_wconf 84' lang='lat' dir='ltr'><strong>Legg.</strong></span> <span class='ocrx_word' id='word_1_172' title='bbox 388 2466 416 2514; x_wconf 83' lang='lat' dir='ltr'><strong>a.</strong></span> <span class='ocrx_word' id='word_1_173' title='bbox 433 2471 479 2512; x_wconf 91' lang='grc' dir='ltr'><strong>ιι.</strong></span> <span class='ocrx_word' id='word_1_174' title='bbox 491 2443 643 2538; x_wconf 81' lang='lat' dir='ltr'><strong>fors,irr</strong></span> <span class='ocrx_word' id='word_1_175' title='bbox 659 2467 731 2530; x_wconf 81' lang='lat' dir='ltr'><strong>qua</strong></span> <span class='ocrx_word' id='word_1_176' title='bbox 745 2445 880 2514; x_wconf 82' lang='lat' dir='ltr'><strong>incerti</strong></span> <span class='ocrx_word' id='word_1_177' title='bbox 899 2469 1006 2514; x_wconf 80' lang='lat' dir='ltr'><strong>casus</strong></span> <span class='ocrx_word' id='word_1_178' title='bbox 1026 2443 1419 2538; x_wconf 64' lang='lat' dir='ltr'><strong>signficauturmagis.</strong></span> <span class='ocrx_word' id='word_1_179' title='bbox 1438 2446 1673 2536; x_wconf 84' lang='lat' dir='ltr'><strong>ubivideDa·</strong></span> <span class='ocrx_word' id='word_1_180' title='bbox 1754 2525 1756 2528; x_wconf 17' lang='lat'>¹</span> 
     </span>
     <span class='ocr_line' id='line_1_19' title="bbox 263 2541 1675 2642; baseline 0.001 -26"><span class='ocrx_word' id='word_1_181' title='bbox 263 2551 407 2633; x_wconf 71' lang='lat' dir='ltr'><strong>sisium</strong></span> <span class='ocrx_word' id='word_1_182' title='bbox 428 2555 531 2620; x_wconf 84' lang='lat' dir='ltr'><strong>etiam</strong></span> <span class='ocrx_word' id='word_1_183' title='bbox 551 2575 628 2637; x_wconf 80' lang='lat' dir='ltr'><strong>quse</strong></span> <span class='ocrx_word' id='word_1_184' title='bbox 647 2559 736 2622; x_wconf 88' lang='lat' dir='ltr'><strong>Non.</strong></span> <span class='ocrx_word' id='word_1_185' title='bbox 760 2557 913 2622; x_wconf 84' lang='lat' dir='ltr'><strong>Marcell.</strong></span> <span class='ocrx_word' id='word_1_186' title='bbox 932 2554 1048 2620; x_wconf 88' lang='lat' dir='ltr'><strong>attulit</strong></span> <span class='ocrx_word' id='word_1_187' title='bbox 1067 2541 1160 2642; x_wconf 83' lang='lat' dir='ltr'><strong>loca,</strong></span> <span class='ocrx_word' id='word_1_188' title='bbox 1181 2557 1232 2641; x_wconf 81' lang='lat'><strong>(5.</strong></span> <span class='ocrx_word' id='word_1_189' title='bbox 1253 2553 1318 2638; x_wconf 77' lang='lat'><strong>15.)</strong></span> <span class='ocrx_word' id='word_1_190' title='bbox 1339 2553 1494 2638; x_wconf 87' lang='lat' dir='ltr'><strong>quamvis</strong></span> <span class='ocrx_word' id='word_1_191' title='bbox 1513 2552 1588 2639; x_wconf 88' lang='lat' dir='ltr'><strong>ipse</strong></span> <span class='ocrx_word' id='word_1_192' title='bbox 1607 2552 1675 2617; x_wconf 89' lang='lat' dir='ltr'><strong>ali·</strong></span> 
     </span>
     <span class='ocr_line' id='line_1_20' title="bbox 263 2645 1675 2746; baseline 0.002 -23"><span class='ocrx_word' id='word_1_193' title='bbox 263 2666 316 2724; x_wconf 90' lang='lat' dir='ltr'><strong>ter</strong></span> <span class='ocrx_word' id='word_1_194' title='bbox 334 2659 470 2745; x_wconf 85' lang='lat' dir='ltr'><strong>statuit,</strong></span> <span class='ocrx_word' id='word_1_195' title='bbox 491 2659 667 2727; x_wconf 86' lang='lat' dir='ltr'><strong>Ciceronis</strong></span> <span class='ocrx_word' id='word_1_196' title='bbox 686 2663 925 2730; x_wconf 84' lang='lat' dir='ltr'><strong>auctoritatem</strong></span> <span class='ocrx_word' id='word_1_197' title='bbox 944 2662 1160 2730; x_wconf 88' lang='lat' dir='ltr'><strong>confirmant.</strong></span> <span class='ocrx_word' id='word_1_198' title='bbox 1202 2659 1419 2746; x_wconf 81' lang='lat' dir='ltr'><strong>reputando.</strong></span> <span class='ocrx_word' id='word_1_199' title='bbox 1431 2645 1491 2726; x_wconf 77' lang='lat' dir='ltr'><strong>laic</strong></span> <span class='ocrx_word' id='word_1_200' title='bbox 1504 2659 1675 2726; x_wconf 86' lang='lat' dir='ltr'><strong>ablativus</strong></span> 
     </span>
     <span class='ocr_line' id='line_1_21' title="bbox 263 2762 1713 2852; baseline -0.001 -24"><span class='ocrx_word' id='word_1_201' title='bbox 263 2763 383 2828; x_wconf 89' lang='lat' dir='ltr'><strong>durius</strong></span> <span class='ocrx_word' id='word_1_202' title='bbox 404 2785 482 2828; x_wconf 89' lang='lat' dir='ltr'><strong>curn</strong></span> <span class='ocrx_word' id='word_1_203' title='bbox 500 2769 607 2832; x_wconf 83' lang='lat' dir='ltr'><strong>verbo</strong></span> <span class='ocrx_word' id='word_1_204' title='bbox 623 2768 783 2849; x_wconf 82' lang='lat' dir='ltr'><strong>junctus3</strong></span> <span class='ocrx_word' id='word_1_205' title='bbox 816 2769 948 2833; x_wconf 88' lang='lat' dir='ltr'><strong>dictum</strong></span> <span class='ocrx_word' id='word_1_206' title='bbox 966 2788 1054 2852; x_wconf 90' lang='lat' dir='ltr'><strong>pro:</strong></span> <span class='ocrx_word' id='word_1_207' title='bbox 1075 2790 1117 2832; x_wconf 87' lang='lat' dir='ltr'><strong>re</strong></span> <span class='ocrx_word' id='word_1_208' title='bbox 1137 2763 1354 2830; x_wconf 82' lang='lat' dir='ltr'><strong>accuratius</strong></span> <span class='ocrx_word' id='word_1_209' title='bbox 1374 2762 1599 2830; x_wconf 73' lang='lat' dir='ltr'><strong>examinata.</strong></span> <span class='ocrx_word' id='word_1_210' title='bbox 1627 2765 1673 2828; x_wconf 88' lang='lat' dir='ltr'><strong>si·</strong></span> <span class='ocrx_word' id='word_1_211' title='bbox 1711 2769 1713 2774; x_wconf 84' lang='lat'>&#39;</span> 
     </span>
     <span class='ocr_line' id='line_1_22' title="bbox 262 2868 1670 2958; baseline -0.001 -26"><span class='ocrx_word' id='word_1_212' title='bbox 262 2868 431 2934; x_wconf 86' lang='lat' dir='ltr'><strong>millimus</strong></span> <span class='ocrx_word' id='word_1_213' title='bbox 451 2879 516 2955; x_wconf 86' lang='lat' dir='ltr'><strong>est,</strong></span> <span class='ocrx_word' id='word_1_214' title='bbox 549 2893 654 2954; x_wconf 87' lang='lat' dir='ltr'><strong>quem</strong></span> <span class='ocrx_word' id='word_1_215' title='bbox 675 2873 823 2936; x_wconf 88' lang='lat' dir='ltr'><strong>contulit</strong></span> <span class='ocrx_word' id='word_1_216' title='bbox 845 2876 939 2936; x_wconf 82' lang='lat' dir='ltr'><strong>cort.</strong></span> <span class='ocrx_word' id='word_1_217' title='bbox 959 2872 1086 2936; x_wconf 87' lang='lat' dir='ltr'><strong>locum.</strong></span> <span class='ocrx_word' id='word_1_218' title='bbox 1107 2874 1176 2946; x_wconf 72' lang='lat' dir='ltr'><strong>Cat,</strong></span> <span class='ocrx_word' id='word_1_219' title='bbox 1199 2874 1249 2934; x_wconf 83' lang='lat'><strong>61.</strong></span> <span class='ocrx_word' id='word_1_220' title='bbox 1285 2871 1489 2958; x_wconf 75' lang='lat' dir='ltr'><strong>pugnanda</strong></span> <span class='ocrx_word' id='word_1_221' title='bbox 1522 2875 1670 2953; x_wconf 81' lang='lat' dir='ltr'><strong>ceperat</strong></span> 
     </span>
     <span class='ocr_line' id='line_1_23' title="bbox 260 2969 1671 3062; baseline -0.002 -25"><span class='ocrx_word' id='word_1_222' title='bbox 260 2976 392 3053; x_wconf 82' lang='lat' dir='ltr'><strong>locum.</strong></span> <span class='ocrx_word' id='word_1_223' title='bbox 424 2975 486 3038; x_wconf 83' lang='lat' dir='ltr'><strong>cir.</strong></span> <span class='ocrx_word' id='word_1_224' title='bbox 506 2978 671 3040; x_wconf 84' lang='lat' dir='ltr'><strong>lluddim.</strong></span> <span class='ocrx_word' id='word_1_225' title='bbox 689 2979 733 3039; x_wconf 87' lang='lat' dir='ltr'><strong>ll.</strong></span> <span class='ocrx_word' id='word_1_226' title='bbox 751 2997 830 3062; x_wconf 84' lang='lat' dir='ltr'><strong>pag.</strong></span> <span class='ocrx_word' id='word_1_227' title='bbox 848 2979 917 3056; x_wconf 76' lang='lat'><strong>²9⁶·</strong></span> <span class='ocrx_word' id='word_1_228' title='bbox 939 2997 972 3039; x_wconf 91' lang='lat' dir='ltr'><strong>n.</strong></span> <span class='ocrx_word' id='word_1_229' title='bbox 989 2993 1017 3039; x_wconf 83' lang='lat' dir='ltr'><strong>a.</strong></span> <span class='ocrx_word' id='word_1_230' title='bbox 1040 2983 1187 3046; x_wconf 83' lang='lat' dir='ltr'><strong>contra.</strong></span> <span class='ocrx_word' id='word_1_231' title='bbox 1208 2973 1365 3041; x_wconf 82' lang='lat' dir='ltr'><strong>adverbii</strong></span> <span class='ocrx_word' id='word_1_232' title='bbox 1379 2972 1452 3036; x_wconf 84' lang='lat' dir='ltr'><strong>vim</strong></span> <span class='ocrx_word' id='word_1_233' title='bbox 1465 2973 1586 3050; x_wconf 80' lang='lat' dir='ltr'><strong>habet3</strong></span> <span class='ocrx_word' id='word_1_234' title='bbox 1606 2969 1671 3034; x_wconf 82' lang='lat' dir='ltr'><strong>fal-</strong></span> 
     </span>
     <span class='ocr_line' id='line_1_24' title="bbox 258 3075 1670 3170; baseline -0.004 -24"><span class='ocrx_word' id='word_1_235' title='bbox 258 3097 298 3146; x_wconf 88' lang='lat' dir='ltr'><strong>so</strong></span> <span class='ocrx_word' id='word_1_236' title='bbox 320 3079 455 3144; x_wconf 81' lang='lat' dir='ltr'><strong>Cottius</strong></span> <span class='ocrx_word' id='word_1_237' title='bbox 473 3100 539 3164; x_wconf 93' lang='lat' dir='ltr'><strong>pro</strong></span> <span class='ocrx_word' id='word_1_238' title='bbox 559 3081 771 3144; x_wconf 83' lang='lat' dir='ltr'><strong>substantivo</strong></span> <span class='ocrx_word' id='word_1_239' title='bbox 791 3080 925 3143; x_wconf 88' lang='lat' dir='ltr'><strong>habuit.</strong></span> <span class='ocrx_word' id='word_1_240' title='bbox 955 3077 1077 3170; x_wconf 82' lang='lat' dir='ltr'><strong>majus</strong></span> <span class='ocrx_word' id='word_1_241' title='bbox 1097 3075 1204 3142; x_wconf 85' lang='lat' dir='ltr'><strong>aliud</strong></span> <span class='ocrx_word' id='word_1_242' title='bbox 1219 3098 1283 3164; x_wconf 93' lang='lat' dir='ltr'><strong>pro</strong></span> <span class='ocrx_word' id='word_1_243' title='bbox 1308 3079 1503 3160; x_wconf 85' lang='lat' dir='ltr'><strong>quicquam</strong></span> <span class='ocrx_word' id='word_1_244' title='bbox 1516 3075 1670 3162; x_wconf 88' lang='lat' dir='ltr'><strong>positum</strong></span> 
     </span>
     <span class='ocr_line' id='line_1_25' title="bbox 257 3179 1671 3270; baseline -0.002 -19"><span class='ocrx_word' id='word_1_245' title='bbox 257 3184 456 3251; x_wconf 66' lang='lat' dir='ltr'><strong>cirinfraa.</strong></span> <span class='ocrx_word' id='word_1_246' title='bbox 477 3181 756 3270; x_wconf 82' lang='lat' dir='ltr'><strong>aliudamplius.</strong></span> <span class='ocrx_word' id='word_1_247' title='bbox 765 3188 815 3265; x_wconf 82' lang='lat'><strong>96.</strong></span> <span class='ocrx_word' id='word_1_248' title='bbox 837 3203 914 3249; x_wconf 82' lang='lat' dir='ltr'><strong>nou</strong></span> <span class='ocrx_word' id='word_1_249' title='bbox 927 3179 1025 3246; x_wconf 86' lang='lat' dir='ltr'><strong>alius</strong></span> <span class='ocrx_word' id='word_1_250' title='bbox 1030 3179 1152 3267; x_wconf 81' lang='lat' dir='ltr'><strong>prior.</strong></span> <span class='ocrx_word' id='word_1_251' title='bbox 1162 3224 1205 3238; x_wconf 93' lang='grc'>-</span> <span class='ocrx_word' id='word_1_252' title='bbox 1219 3181 1375 3250; x_wconf 78' lang='lat' dir='ltr'><strong>iuvenies</strong></span> <span class='ocrx_word' id='word_1_253' title='bbox 1385 3181 1671 3249; x_wconf 84' lang='lat' dir='ltr'><strong>etiamexltalicis</strong></span> 
     </span>
     <span class='ocr_line' id='line_1_26' title="bbox 257 3287 1671 3386; baseline -0.002 -31"><span class='ocrx_word' id='word_1_254' title='bbox 257 3294 365 3356; x_wconf 85' lang='lat' dir='ltr'><strong>codd.</strong></span> <span class='ocrx_word' id='word_1_255' title='bbox 385 3293 505 3378; x_wconf 81' lang='lat' dir='ltr'><strong>pauci,</strong></span> <span class='ocrx_word' id='word_1_256' title='bbox 526 3293 618 3357; x_wconf 87' lang='lat' dir='ltr'><strong>Flor.</strong></span> <span class='ocrx_word' id='word_1_257' title='bbox 636 3297 666 3358; x_wconf 74' lang='lat'><strong>3.</strong></span> <span class='ocrx_word' id='word_1_258' title='bbox 687 3294 779 3358; x_wconf 84' lang='lat' dir='ltr'><strong>Med.</strong></span> <span class='ocrx_word' id='word_1_259' title='bbox 797 3312 827 3373; x_wconf 86' lang='lat'><strong>7.</strong></span> <span class='ocrx_word' id='word_1_260' title='bbox 847 3309 898 3368; x_wconf 85' lang='lat' dir='ltr'><strong>ro,</strong></span> <span class='ocrx_word' id='word_1_261' title='bbox 917 3293 977 3386; x_wconf 81' lang='lat' dir='ltr'><strong>sed</strong></span> <span class='ocrx_word' id='word_1_262' title='bbox 990 3290 1229 3371; x_wconf 76' lang='lat' dir='ltr'><strong>conjunctivus</strong></span> <span class='ocrx_word' id='word_1_263' title='bbox 1245 3298 1285 3354; x_wconf 91' lang='lat' dir='ltr'><strong>ut</strong></span> <span class='ocrx_word' id='word_1_264' title='bbox 1299 3288 1484 3353; x_wconf 90' lang='lat' dir='ltr'><strong>meliorum</strong></span> <span class='ocrx_word' id='word_1_265' title='bbox 1498 3287 1671 3355; x_wconf 88' lang='lat' dir='ltr'><strong>librorum</strong></span> 
     </span>
    </p>
   </div>
   <div class='ocr_carea' id='block_1_6' title="bbox 257 3389 1781 3484">
    <p class='ocr_par' dir='ltr' id='par_1_7' title="bbox 257 3389 1781 3484">
     <span class='ocr_line' id='line_1_27' title="bbox 257 3389 1781 3484; baseline -0.003 -21"><span class='ocrx_word' id='word_1_266' title='bbox 257 3397 656 3484; x_wconf 87' lang='lat' dir='ltr'><strong>auctoritatefirmatur,</strong></span> <span class='ocrx_word' id='word_1_267' title='bbox 676 3399 727 3470; x_wconf 86' lang='lat' dir='ltr'><strong>ita</strong></span> <span class='ocrx_word' id='word_1_268' title='bbox 738 3401 783 3462; x_wconf 90' lang='lat' dir='ltr'><strong>ad</strong></span> <span class='ocrx_word' id='word_1_269' title='bbox 791 3399 863 3464; x_wconf 86' lang='lat' dir='ltr'><strong>vim</strong></span> <span class='ocrx_word' id='word_1_270' title='bbox 874 3397 1051 3463; x_wconf 76' lang='lat' dir='ltr'><strong>sententia</strong></span> <span class='ocrx_word' id='word_1_271' title='bbox 1062 3395 1363 3462; x_wconf 85' lang='lat' dir='ltr'><strong>accommodatior.</strong></span> <span class='ocrx_word' id='word_1_272' title='bbox 1381 3389 1572 3460; x_wconf 79' lang='lat' dir='ltr'><strong>homiuum</strong></span> <span class='ocrx_word' id='word_1_273' title='bbox 1583 3391 1670 3458; x_wconf 85' lang='lat' dir='ltr'><strong>ialso</strong></span> <span class='ocrx_word' id='word_1_274' title='bbox 1779 3389 1781 3394; x_wconf 70' lang='grc'><strong>’</strong></span> 
     </span>
    </p>
   </div>
   <div class='ocr_carea' id='block_1_7' title="bbox 197 3483 1673 4332">
    <p class='ocr_par' dir='ltr' id='par_1_8' title="bbox 197 3483 1673 4332">
     <span class='ocr_line' id='line_1_28' title="bbox 197 3483 1673 3590; baseline -0.003 -22"><span class='ocrx_word' id='word_1_275' title='bbox 197 3577 200 3586; x_wconf 46' lang='grc'><strong><em>,</em></strong></span> <span class='ocrx_word' id='word_1_276' title='bbox 258 3502 378 3570; x_wconf 89' lang='lat' dir='ltr'><strong>Cortio</strong></span> <span class='ocrx_word' id='word_1_277' title='bbox 397 3512 591 3590; x_wconf 88' lang='lat' dir='ltr'><strong>suspectum</strong></span> <span class='ocrx_word' id='word_1_278' title='bbox 610 3503 723 3568; x_wconf 80' lang='lat' dir='ltr'><strong>risum</strong></span> <span class='ocrx_word' id='word_1_279' title='bbox 743 3512 803 3586; x_wconf 80' lang='lat' dir='ltr'><strong>est.</strong></span> <span class='ocrx_word' id='word_1_280' title='bbox 837 3523 918 3567; x_wconf 91' lang='lat' dir='ltr'><strong>nam</strong></span> <span class='ocrx_word' id='word_1_281' title='bbox 939 3523 1018 3566; x_wconf 89' lang='lat' dir='ltr'><strong>cum</strong></span> <span class='ocrx_word' id='word_1_282' title='bbox 1038 3503 1109 3568; x_wconf 90' lang='lat' dir='ltr'><strong>sint</strong></span> <span class='ocrx_word' id='word_1_283' title='bbox 1131 3483 1291 3588; x_wconf 86' lang='lat' dir='ltr'><strong>opposita</strong></span> <span class='ocrx_word' id='word_1_284' title='bbox 1319 3494 1506 3564; x_wconf 82' lang='lat' dir='ltr'><strong>industria</strong></span> <span class='ocrx_word' id='word_1_285' title='bbox 1526 3508 1561 3564; x_wconf 91' lang='lat' dir='ltr'><strong>et</strong></span> <span class='ocrx_word' id='word_1_286' title='bbox 1581 3495 1673 3583; x_wconf 81' lang='lat' dir='ltr'><strong>vim,</strong></span> 
     </span>
     <span class='ocr_line' id='line_1_29' title="bbox 256 3599 1669 3696; baseline -0.006 -22"><span class='ocrx_word' id='word_1_287' title='bbox 256 3609 312 3694; x_wconf 85' lang='lat' dir='ltr'><strong>id,</strong></span> <span class='ocrx_word' id='word_1_288' title='bbox 332 3606 520 3674; x_wconf 79' lang='lat' dir='ltr'><strong>homin-um</strong></span> <span class='ocrx_word' id='word_1_289' title='bbox 538 3610 685 3696; x_wconf 72' lang='lat' dir='ltr'><strong>animo,</strong></span> <span class='ocrx_word' id='word_1_290' title='bbox 704 3630 776 3676; x_wconf 87' lang='lat' dir='ltr'><strong>non</strong></span> <span class='ocrx_word' id='word_1_291' title='bbox 801 3608 883 3673; x_wconf 87' lang='lat' dir='ltr'><strong>satis</strong></span> <span class='ocrx_word' id='word_1_292' title='bbox 902 3607 1140 3696; x_wconf 84' lang='lat' dir='ltr'><strong>significatur;</strong></span> <span class='ocrx_word' id='word_1_293' title='bbox 1160 3606 1310 3689; x_wconf 85' lang='lat' dir='ltr'><strong>accedit,</strong></span> <span class='ocrx_word' id='word_1_294' title='bbox 1331 3608 1426 3687; x_wconf 91' lang='lat' dir='ltr'><strong>quod</strong></span> <span class='ocrx_word' id='word_1_295' title='bbox 1447 3599 1669 3669; x_wconf 83' lang='lat' dir='ltr'><strong>industriam</strong></span> 
     </span>
     <span class='ocr_line' id='line_1_30' title="bbox 256 3709 1668 3798; baseline -0.006 -17"><span class='ocrx_word' id='word_1_296' title='bbox 256 3715 332 3781; x_wconf 86' lang='lat' dir='ltr'><strong>sine</strong></span> <span class='ocrx_word' id='word_1_297' title='bbox 352 3737 430 3780; x_wconf 87' lang='lat' dir='ltr'><strong>casu</strong></span> <span class='ocrx_word' id='word_1_298' title='bbox 449 3717 615 3782; x_wconf 83' lang='lat' dir='ltr'><strong>hocloco</strong></span> <span class='ocrx_word' id='word_1_299' title='bbox 636 3716 757 3780; x_wconf 87' lang='lat' dir='ltr'><strong>durius</strong></span> <span class='ocrx_word' id='word_1_300' title='bbox 777 3735 853 3779; x_wconf 86' lang='lat' dir='ltr'><strong>cum</strong></span> <span class='ocrx_word' id='word_1_301' title='bbox 878 3714 994 3778; x_wconf 82' lang='lat' dir='ltr'><strong>deesse</strong></span> <span class='ocrx_word' id='word_1_302' title='bbox 1008 3712 1185 3798; x_wconf 82' lang='lat' dir='ltr'><strong>jungitur,</strong></span> <span class='ocrx_word' id='word_1_303' title='bbox 1206 3733 1284 3776; x_wconf 89' lang='lat' dir='ltr'><strong>cum</strong></span> <span class='ocrx_word' id='word_1_304' title='bbox 1299 3714 1419 3775; x_wconf 86' lang='lat' dir='ltr'><strong>eadem</strong></span> <span class='ocrx_word' id='word_1_305' title='bbox 1432 3709 1574 3792; x_wconf 89' lang='lat' dir='ltr'><strong>quidem</strong></span> <span class='ocrx_word' id='word_1_306' title='bbox 1590 3728 1668 3773; x_wconf 85' lang='lat' dir='ltr'><strong>rer-</strong></span> 
     </span>
     <span class='ocr_line' id='line_1_31' title="bbox 255 3813 1660 3908; baseline -0.005 -21"><span class='ocrx_word' id='word_1_307' title='bbox 255 3822 386 3887; x_wconf 81' lang='lat' dir='ltr'><strong>borum</strong></span> <span class='ocrx_word' id='word_1_308' title='bbox 407 3831 605 3908; x_wconf 85' lang='lat' dir='ltr'><strong>structura,</strong></span> <span class='ocrx_word' id='word_1_309' title='bbox 632 3841 708 3905; x_wconf 84' lang='lat' dir='ltr'><strong>quae</strong></span> <span class='ocrx_word' id='word_1_310' title='bbox 728 3818 1024 3901; x_wconf 85' lang='lat' dir='ltr'><strong>insequentibus,</strong></span> <span class='ocrx_word' id='word_1_311' title='bbox 1043 3821 1230 3883; x_wconf 85' lang='lat' dir='ltr'><strong>sedsensus</strong></span> <span class='ocrx_word' id='word_1_312' title='bbox 1252 3816 1405 3882; x_wconf 82' lang='lat' dir='ltr'><strong>diversus</strong></span> <span class='ocrx_word' id='word_1_313' title='bbox 1422 3813 1476 3880; x_wconf 90' lang='lat' dir='ltr'><strong>sit.</strong></span> <span class='ocrx_word' id='word_1_314' title='bbox 1496 3813 1566 3878; x_wconf 82' lang='lat' dir='ltr'><strong>Sed</strong></span> <span class='ocrx_word' id='word_1_315' title='bbox 1584 3814 1660 3880; x_wconf 74' lang='lat' dir='ltr'><strong>dua</strong></span> 
     </span>
     <span class='ocr_line' id='line_1_32' title="bbox 255 3917 1670 4011; baseline -0.004 -18"><span class='ocrx_word' id='word_1_316' title='bbox 255 3937 319 3995; x_wconf 89' lang='lat' dir='ltr'><strong>etc.</strong></span> <span class='ocrx_word' id='word_1_317' title='bbox 358 3929 441 3993; x_wconf 82' lang='lat' dir='ltr'><strong>Haec</strong></span> <span class='ocrx_word' id='word_1_318' title='bbox 469 3928 656 3993; x_wconf 87' lang='lat' dir='ltr'><strong>stoicorum</strong></span> <span class='ocrx_word' id='word_1_319' title='bbox 682 3923 1016 4011; x_wconf 84' lang='lat' dir='ltr'><strong>magniloquentiam</strong></span> <span class='ocrx_word' id='word_1_320' title='bbox 1035 3921 1183 4008; x_wconf 88' lang='lat' dir='ltr'><strong>sapiunt.</strong></span> <span class='ocrx_word' id='word_1_321' title='bbox 1225 3917 1453 4010; x_wconf 72' lang='lat' dir='ltr'><strong>adglorians</strong></span> <span class='ocrx_word' id='word_1_322' title='bbox 1470 3918 1547 3985; x_wconf 80' lang='lat' dir='ltr'><strong>ubi.</strong></span> <span class='ocrx_word' id='word_1_323' title='bbox 1569 3921 1670 3988; x_wconf 78' lang='lat' dir='ltr'><strong>Eich.</strong></span> 
     </span>
     <span class='ocr_line' id='line_1_33' title="bbox 253 4025 1665 4118; baseline -0.011 -17"><span class='ocrx_word' id='word_1_324' title='bbox 253 4053 330 4118; x_wconf 74' lang='lat' dir='ltr'><strong>quar</strong></span> <span class='ocrx_word' id='word_1_325' title='bbox 349 4034 535 4099; x_wconf 79' lang='lat' dir='ltr'><strong>verborum</strong></span> <span class='ocrx_word' id='word_1_326' title='bbox 554 4032 681 4116; x_wconf 91' lang='lat' dir='ltr'><strong>positio</strong></span> <span class='ocrx_word' id='word_1_327' title='bbox 701 4051 722 4094; x_wconf 91' lang='lat' dir='ltr'><strong>a</strong></span> <span class='ocrx_word' id='word_1_328' title='bbox 741 4029 935 4094; x_wconf 82' lang='lat' dir='ltr'><strong>salustiano</strong></span> <span class='ocrx_word' id='word_1_329' title='bbox 955 4028 1124 4113; x_wconf 86' lang='lat' dir='ltr'><strong>loquendi</strong></span> <span class='ocrx_word' id='word_1_330' title='bbox 1136 4046 1262 4115; x_wconf 80' lang='lat' dir='ltr'><strong>genere</strong></span> <span class='ocrx_word' id='word_1_331' title='bbox 1274 4045 1346 4092; x_wconf 90' lang='lat' dir='ltr'><strong>non</strong></span> <span class='ocrx_word' id='word_1_332' title='bbox 1360 4025 1494 4112; x_wconf 86' lang='lat' dir='ltr'><strong>aliena,</strong></span> <span class='ocrx_word' id='word_1_333' title='bbox 1513 4029 1573 4092; x_wconf 88' lang='lat' dir='ltr'><strong>sed</strong></span> <span class='ocrx_word' id='word_1_334' title='bbox 1584 4025 1665 4098; x_wconf 81' lang='lat' dir='ltr'><strong>uni,</strong></span> 
     </span>
     <span class='ocr_line' id='line_1_34' title="bbox 252 4130 1673 4224; baseline -0.01 -19"><span class='ocrx_word' id='word_1_335' title='bbox 252 4160 292 4206; x_wconf 88' lang='lat' dir='ltr'><strong>us</strong></span> <span class='ocrx_word' id='word_1_336' title='bbox 311 4139 397 4204; x_wconf 90' lang='lat' dir='ltr'><strong>libri</strong></span> <span class='ocrx_word' id='word_1_337' title='bbox 416 4139 485 4204; x_wconf 90' lang='lat' dir='ltr'><strong>fide</strong></span> <span class='ocrx_word' id='word_1_338' title='bbox 510 4137 683 4222; x_wconf 82' lang='lat' dir='ltr'><strong>vulgatam</strong></span> <span class='ocrx_word' id='word_1_339' title='bbox 704 4145 836 4200; x_wconf 87' lang='lat' dir='ltr'><strong>mutare</strong></span> <span class='ocrx_word' id='word_1_340' title='bbox 857 4133 968 4204; x_wconf 88' lang='lat' dir='ltr'><strong>nolui.</strong></span> <span class='ocrx_word' id='word_1_341' title='bbox 1009 4133 1187 4224; x_wconf 75' lang='lat' dir='ltr'><strong>grassari.</strong></span> <span class='ocrx_word' id='word_1_342' title='bbox 1207 4133 1287 4199; x_wconf 80' lang='lat' dir='ltr'><strong>virle</strong></span> <span class='ocrx_word' id='word_1_343' title='bbox 1307 4130 1404 4196; x_wconf 84' lang='lat' dir='ltr'><strong>inira</strong></span> <span class='ocrx_word' id='word_1_344' title='bbox 1421 4151 1495 4214; x_wconf 80' lang='lat' dir='ltr'><strong>cap,</strong></span> <span class='ocrx_word' id='word_1_345' title='bbox 1509 4133 1559 4206; x_wconf 72' lang='lat'><strong>64.</strong></span> <span class='ocrx_word' id='word_1_346' title='bbox 1603 4151 1673 4192; x_wconf 82' lang='lat' dir='ltr'><strong>eu·-</strong></span> 
     </span>
     <span class='ocr_line' id='line_1_35' title="bbox 248 4232 1673 4332; baseline -0.008 -19"><span class='ocrx_word' id='word_1_347' title='bbox 248 4240 377 4332; x_wconf 82' lang='lat' dir='ltr'><strong>pidirre</strong></span> <span class='ocrx_word' id='word_1_348' title='bbox 395 4253 508 4328; x_wconf 82' lang='lat' dir='ltr'><strong>atque</strong></span> <span class='ocrx_word' id='word_1_349' title='bbox 527 4240 603 4327; x_wconf 88' lang='lat' dir='ltr'><strong>ira,</strong></span> <span class='ocrx_word' id='word_1_350' title='bbox 616 4237 785 4328; x_wconf 84' lang='lat' dir='ltr'><strong>pessimis</strong></span> <span class='ocrx_word' id='word_1_351' title='bbox 805 4237 1129 4322; x_wconf 79' lang='lat' dir='ltr'><strong>consultatoribus,</strong></span> <span class='ocrx_word' id='word_1_352' title='bbox 1145 4232 1324 4327; x_wconf 61' lang='lat' dir='ltr'><strong>grassari.</strong></span> <span class='ocrx_word' id='word_1_353' title='bbox 1344 4234 1489 4300; x_wconf 80' lang='lat' dir='ltr'><strong>locutio</strong></span> <span class='ocrx_word' id='word_1_354' title='bbox 1500 4237 1673 4321; x_wconf 80' lang='lat' dir='ltr'><strong>apudTa-</strong></span> 
     </span>
    </p>
   </div>
   <div class='ocr_carea' id='block_1_8' title="bbox 0 0 2058 4974">
    <p class='ocr_par' dir='ltr' id='par_1_9' title="bbox 0 0 2058 4974">
     <span class='ocr_line' id='line_1_36' title="bbox 0 0 2058 4974; baseline 0 8"><span class='ocrx_word' id='word_1_355' title='bbox 0 0 2058 4974; x_wconf 95' lang='lat' dir='ltr'><strong> </strong></span> 
     </span>
    </p>
   </div>
  </div>
 </body>
</html>
