4108 4976
1482 454 1491 473 ·
1591 416 1659 488 331

262 603 376 670 stiana
397 603 555 672 brevitas.
584 598 711 669 delicti
730 597 895 695 gratiam
905 596 1022 694 facit.
1050 600 1111 671 cir.
1132 604 1177 665 ad
1198 604 1271 667 Cat.
1287 606 1338 668 52.
1368 605 1525 670 Ceterum
1542 604 1582 670 in
1601 608 1669 674 hoc

263 731 426 797 responso
448 709 684 792 unusquisque
703 711 871 776 sermonis
891 709 1092 796 gravitatem
1107 706 1209 800 facile
1228 707 1407 792 intelligit.

345 820 428 901 Cap.
448 819 513 882 CV.
543 815 586 881 de
607 813 866 882 communibus.
894 834 1037 901 praepos.
1059 834 1127 881 om.
1145 815 1246 876 Taur.
1272 816 1358 879 Ven.
1374 835 1401 877 r.
1417 838 1444 878 π.
1466 818 1668 883 Flor.3.13.

265 925 315 986 15.
335 921 439 986 lectio
458 923 552 986 haud
571 924 831 989 contemnenda.
854 942 950 1002 neum.
965 921 1059 1010 enim
1087 919 1240 984 Bocchus
1268 918 1373 984 totius
1404 921 1456 986 rei
1484 924 1670 990 arbitrium

262 1027 366 1092 Sullae
379 1026 606 1112 permitteret,
625 1027 877 1092 consultatione
890 1045 961 1090 non
980 1045 1066 1108 opus
1085 1024 1160 1088 fuit.
1187 1042 1293 1106 quare
1313 1023 1371 1088 vix
1387 1025 1477 1090 mihi
1498 1036 1668 1117 tempero,

264 1134 350 1216 quin
364 1134 480 1219 etipse
492 1133 769 1218 prepositionem
791 1133 937 1196 deleam.
953 1127 1117 1214 peditum
1139 1137 1251 1211 atque
1271 1125 1445 1213 equiturn.
1466 1143 1579 1218 atque
1598 1157 1666 1206 om.

262 1242 347 1307 Ven.
364 1256 394 1308 a.
416 1241 452 1303 id
474 1242 569 1322 quod
590 1238 820 1302 durissimum.
850 1232 1018 1302 velitaris
1044 1257 1159 1299 arma.
1199 1245 1307 1311 ..sunt
1331 1257 1410 1320 quac
1441 1247 1615 1325 gestantur
1648 1263 1670 1308 a
1760 1233 1763 1239 ’

261 1345 461 1426 «velitibus,
482 1364 603 1428 parma
615 1343 811 1428 tripedalis,
830 1349 863 1406 et
884 1340 1023 1405 brevior
1043 1360 1147 1422 quam
1165 1343 1342 1428 equestris,
1362 1353 1491 1428 septem
1506 1347 1611 1412 hastas
1629 1346 1669 1410 in
1734 1429 1737 1435 .

262 1449 453 1533 «manibus,
472 1449 598 1530 quihus
619 1448 753 1513 eminus
773 1456 970 1530 uterentur,
990 1455 1023 1510 et
1043 1446 1179 1532 gladius
1199 1447 1448 1532 Hispaniensis.
1467 1449 1517 1513 ita
1537 1450 1671 1536 p'erspi·

264 1574 348 1628 ..cuc
375 1554 494 1617 Livius
517 1558 567 1617 26.
585 1570 615 1630 4.
644 1553 725 1618 ride
754 1553 911 1638 Lipsium
936 1553 997 1615 111.
1027 1553 1070 1616 de
1100 1551 1201 1614 milit.
1231 1552 1359 1639 dialog.
1390 1562 1438 1617 ι.»
1468 1557 1560 1618 Cort.
1582 1558 1671 1622 adde

263 1660 418 1722 Schwarr
435 1659 669 1722 Animadvers.
697 1659 742 1720 ad
767 1659 945 1742 Nieuport.
965 1680 998 1740 p.
1020 1665 1089 1732 346.
1107 1677 1200 1738 seqq.
1223 1662 1296 1738 347.
1326 1661 1375 1722 Le
1394 1661 1483 1722 Beau
1500 1655 1604 1724 l’aine
1624 1662 1672 1726 si-

264 1756 376 1828 xieme
396 1757 562 1827 memoire
588 1783 647 1826 sur
671 1764 706 1826 la
729 1757 848 1844 legion
872 1759 1057 1824 Romaine:
1091 1763 1151 1824 des
1174 1769 1313 1843 troupes
1331 1754 1474 1847 legeres.
1502 1759 1604 1831 Mem.
1626 1769 1671 1832 de

264 1869 391 1933 l’Acad.
412 1870 471 1931 des
487 1867 643 1949 Inscript.
663 1867 759 1927 Tom.
777 1866 894 1928 XXIX.
914 1886 948 1947 p.
965 1866 1036 1942 ³64.
1056 1883 1126 1946 seq.
1153 1860 1309 1948 aliisque
1327 1863 1504 1936 omnibus.
1535 1869 1599 1932 hac
1619 1869 1672 1934 lo-

265 1975 403 2038 cutione
422 1972 618 2055 firmantur,
639 1989 716 2052 quae
736 1989 839 2054 supra
859 1969 950 2032 dieta
971 1976 1081 2053 erant,
1108 1989 1181 2054 cap.
1196 1985 1246 2052 74.
1268 1966 1382 2033 ceteri
1399 1969 1532 2035 omnes.
1544 1994 1670 2039 -sese

266 2074 425 2164 quisque.
445 2080 520 2143 Vat.
538 2099 565 2138 r.
586 2097 693 2140 arma
712 2082 826 2158 atque
846 2076 921 2139 tela
935 2081 1130 2158 temptare,
1150 2072 1346 2138 intendere.
1367 2075 1530 2159 preclare
1543 2077 1672 2141 deseri-

265 2181 379 2266 bitur,
403 2200 479 2263 quse
494 2181 633 2265 milites,
658 2180 819 2265 prelium
841 2178 983 2262 inituri,
1008 2197 1109 2264 agere
1126 2178 1247 2245 solent.
1269 2175 1456 2244 intendere
1474 2188 1565 2247 reete
1586 2182 1672 2247 dici-

265 2296 337 2373 tur,
363 2290 458 2370 quod
477 2286 677 2351 velitaribus
696 2285 802 2350 armis
821 2285 981 2348 instructi
1001 2293 1117 2366 erant3
1137 2305 1210 2350 non
1237 2284 1332 2348 enim
1357 2287 1401 2348 ad
1416 2305 1515 2352 arcus
1534 2290 1602 2350 hcc
1620 2307 1673 2352 re-

265 2392 403 2457 tulerim
412 2437 423 2470 ,
442 2394 503 2457 sed
517 2391 633 2476 potius
648 2393 693 2454 ad
707 2391 839 2476 jacula,
867 2410 942 2473 quas
952 2390 1147 2454 vibrabant.
1167 2398 1203 2454 et
1221 2390 1423 2454 advorsum.
1446 2399 1482 2454 et
1501 2411 1568 2456 om.
1581 2393 1674 2458 Med.

267 2513 297 2573 4.
318 2500 378 2563 sed
395 2501 468 2563 haec
486 2497 636 2563 brevitas
655 2497 765 2560 multo
786 2495 901 2561 minus
915 2496 1069 2582 elegans,
1090 2486 1671 2585 quamconjunctioneinterposita.

265 2623 342 2668 rem
364 2600 536 2686 quietam.
555 2602 586 2667 i.
600 2623 629 2669 e.
648 2600 741 2666 nihil
755 2602 882 2666 hostile
902 2601 1112 2678 timendum,
1137 2595 1255 2666 omnia
1273 2609 1394 2686 pacata
1409 2620 1491 2667 esse.

345 2710 431 2793 Gap.
452 2711 535 2776 CVI.
562 2704 761 2776 adveniens.
789 2707 1012 2792 participium
1032 2725 1181 2792 praesens
1200 2707 1392 2772 insolitum.
1413 2693 1473 2771 s'ed
1493 2728 1572 2771 cum
1588 2727 1675 2792 pre·

267 2831 345 2885 sens
364 2822 541 2896 sequatur,
569 2811 654 2877 ferri
673 2821 794 2897 potest.
829 2809 991 2894 dicitque
1009 2831 1054 2876 ne
1071 2831 1160 2876 unus
1177 2811 1318 2893 quidem
1336 2812 1428 2876 liber
1448 2813 1585 2876 omittit.
1613 2817 1672 2877 sed

268 2919 338 2982 alia
360 2919 438 2982 loca
456 2917 596 2980 Salustii
616 2916 646 2980 si
672 2915 937 3000 comparaveris,
963 2915 1066 2980 facile
1086 2916 1272 2980 credideris
1292 2917 1335 2978 ab
1356 2922 1493 2980 auctore
1509 2935 1582 2980 non
1601 2935 1674 2984 esse

267 3024 442 3108 scriptum.
470 3039 576 3104 quare
599 3018 688 3083 mihi
714 3040 854 3103 quoque
879 3029 1074 3104 suspectum
1091 3021 1282 3084 ridebatur.
1307 3019 1538 3086 nihilominus
1559 3029 1674 3088 tamen

269 3128 393 3210 ejicere
410 3148 482 3192 non
502 3144 604 3192 ausus
621 3145 714 3203 sum,
734 3144 814 3187 nam
836 3126 913 3189 loco
932 3125 1113 3189 simillimo
1134 3126 1229 3209 (vide
1248 3124 1339 3188 inira
1355 3145 1427 3211 cap.
1445 3127 1530 3210 ιη.)
1549 3127 1672 3193 itidem

270 3251 390 3298 omnes
409 3231 494 3296 libri
517 3233 584 3295 hoe
606 3236 751 3294 servant.
774 3229 878 3293 etiem
900 3227 993 3293 inira
1010 3231 1049 3292 in
1068 3230 1181 3294 verbis
1202 3229 1368 3295 occurrit
1397 3227 1573 3318 dicitque,
1604 3235 1672 3298 hoc

270 3337 386 3402 omitti
402 3336 526 3421 potuit.
546 3354 653 3418 quare
668 3333 765 3417 vide,
783 3354 827 3400 ne
844 3335 990 3399 consilio
1009 3336 1240 3419 potiusquam
1251 3335 1463 3421 negligentia
1481 3339 1549 3424 troo
1563 3337 1675 3402 abun-

270 3442 408 3510 dantius
427 3441 553 3506 dixisse
565 3441 632 3504 Sal.
648 3439 814 3506 rideatur.
836 3437 1062 3524 praesidium
1072 3443 1230 3505 missum.
1251 3442 1345 3505 Eieh.
1367 3437 1553 3506 illicimul.
1571 3447 1675 3509 Taur.

271 3513 430 3616 locello.
461 3549 529 3612 hoc
555 3568 616 3611 cur
641 3546 810 3626 adjectum
843 3546 887 3609 sit
919 3545 1048 3608 mirum
1073 3546 1196 3610 habuit
1222 3547 1393 3627 Cortium3
1423 3549 1483 3613 sed
1507 3549 1675 3616 Salustius

271 3654 376 3719 verbe
390 3652 532 3718 Volucis
549 3650 729 3736 expressit,
761 3650 823 3732 qui
845 3650 977 3714 Sullam
999 3650 1134 3734 docuit,
1157 3670 1193 3715 sc
1213 3653 1338 3717 Bocchi
1359 3652 1471 3716 tilium
1492 3673 1572 3718 esse.
1603 3653 1678 3720 diei

161 3825 163 3830 ,
274 3778 401 3842 vesper.
420 3757 480 3821 hic
500 3757 616 3820 nullus
636 3758 742 3820 codd.
762 3756 851 3819 Itall.
871 3755 1014 3820 alteram
1034 3756 1313 3822 terminationem
1332 3757 1370 3818 in
1391 3779 1411 3820 e
1430 3756 1583 3821 servavit.
1613 3760 1677 3824 Ce-

273 3872 385 3928 terum
404 3863 509 3943 hujus
527 3864 743 3927 abundantiae
758 3862 832 3942 jam
852 3862 961 3924 multa
985 3860 1139 3943 exempla
1158 3860 1384 3926 laudavimus.
1411 3856 1553 3926 intento
1576 3865 1677 3928 voltu

270 3989 415 4051 pavens.
434 3970 519 4033 Ven.
533 3984 563 4044 4.
588 3970 648 4032 sed
666 3965 807 4032 incerto
825 3964 934 4030 multo
955 3963 1212 4050 significantius.
1233 3983 1368 4048 pavens
1389 3967 1480 4051 apud
1502 3967 1677 4050 antiquio·

275 4090 330 4136 res
347 4072 564 4156 potissimum
584 4072 765 4157 scriptores
783 4070 944 4150 frequens
964 4075 1024 4132 est.
1044 4067 1215 4153 significat
1235 4079 1329 4135 metu
1345 4071 1538 4157 perculsus,
1561 4073 1676 4160 exagi-

276 4185 375 4241 tatus.
395 4173 571 4242 occurrit.
599 4178 703 4241 etiam
727 4177 794 4239 hoc
817 4175 895 4240 loco
921 4175 1024 4239 multi
1047 4174 1140 4238 libri.
1172 4179 1258 4242 Ven.
1274 4197 1301 4238 ι.
1317 4199 1347 4245 a.
1366 4180 1457 4243 Med.
1470 4199 1500 4259 9.
1521 4177 1612 4242 Flor.
1627 4201 1675 4245 ιι.

278 4297 327 4346 nr.
341 4283 391 4347 26.
413 4278 542 4368 pestis.
567 4279 627 4350 cir.
646 4282 714 4350 Cic.
731 4284 815 4369 Epp.
830 4283 859 4346 6.
872 4283 900 4346 6.
934 4276 989 4345 sic
1015 4301 1081 4372 ego
1103 4282 1266 4366 prudens
1285 4289 1321 4348 et
1339 4279 1456 4348 senne
1478 4283 1531 4350 ad
1540 4294 1677 4369 pestem

1322 4398 1346 4444 ἡ
