4116 4970
363 327 408 400 16

356 521 557 608 reipublicae
580 525 704 583 statum
730 527 789 584 aut
809 521 1085 584 firmandumaut
1110 521 1352 608 corrigendum
1373 520 1665 607 pertinebant,ad
1690 521 1764 590 Οε-

355 649 466 693 sarem
482 625 586 689 scribi
607 646 679 689 non
700 627 899 694 debuerant.

427 759 527 822 Dicat
549 757 689 842 aliquis,
711 758 747 820 id
768 759 875 844 egisse
897 759 1050 845 epistolar
1067 767 1263 842 auctorem,
1280 765 1319 820 ut
1343 759 1506 821 Caesarem
1525 766 1696 842 moneret,
1725 741 1764 822 ut

356 861 503 926 victoria
519 863 690 947 sapienter
706 873 877 948 uteretur,
898 885 1089 930 neveaures
1108 866 1275 949 praeberet
1292 861 1565 948 sanguinolentis
1581 863 1764 928 hominum

359 969 646 1051 nequissimorum
668 972 831 1034 consiliis.
859 973 926 1037 Sed
948 991 1034 1053 quos
1056 971 1215 1034 homines
1237 969 1425 1054 significet,
1447 969 1607 1049 equidem
1636 968 1764 1032 nescio.

357 1074 479 1138 cesari
501 1076 691 1138 enimcum
710 1076 819 1138 multa
838 1075 926 1139 vitio
950 1086 1147 1160 vertantur,
1170 1086 1285 1137 tamen
1306 1075 1455 1137 aliorum
1474 1073 1628 1136 consiliis
1651 1093 1688 1138 re
1711 1094 1764 1138 re-

359 1179 396 1266 gi
413 1200 548 1264 passum
570 1202 651 1264 esse,
666 1181 724 1243 vix
745 1180 833 1264 erit,
853 1179 915 1262 qui
934 1179 1089 1245 affirmet.
1109 1183 1205 1244 Idem
1224 1187 1316 1242 tanta
1332 1178 1546 1264 benignitate
1563 1188 1596 1242 et
1612 1178 1766 1244 clemen-

358 1285 407 1348 tia
424 1286 609 1369 imperium
630 1285 849 1368 temperavit,
870 1293 908 1347 ut
925 1285 1079 1368 ipsorum
1105 1284 1328 1347 inimieorum
1357 1283 1623 1348 admirationem
1647 1303 1764 1348 move·

358 1397 420 1456 ret.
458 1390 524 1452 Sed
545 1391 619 1473 ipse
645 1390 790 1452 consilia
815 1391 863 1452 ita
885 1399 1079 1474 comparata
1108 1397 1201 1474 sunt,
1234 1399 1271 1452 ut
1292 1398 1411 1453 auctor
1433 1390 1549 1473 potius
1579 1389 1763 1472 suiipsius

356 1493 466 1557 animi
488 1495 645 1556 dolorem
664 1494 779 1557 verbis
801 1494 1002 1578 expressisse
1031 1513 1135 1575 quam
1155 1493 1256 1556 utilia
1279 1495 1421 1558 suasisse
1441 1495 1606 1558 videatur.
1639 1496 1763 1579 Sump-

357 1608 454 1662 tuum
478 1608 512 1662 et
525 1599 724 1684 rapinarum
747 1599 925 1662 licentiam
955 1617 1027 1663 esse
1047 1601 1275 1682 cremendam,
1295 1599 1534 1663 loeneratorem
1551 1599 1761 1682 tollendum,

355 1706 458 1769 decus
480 1705 634 1788 pecuniae
652 1705 879 1770 minuendum
901 1713 934 1768 et
955 1703 1117 1767 militiam
1144 1705 1312 1785 aequalem
1342 1723 1413 1768 esse
1430 1703 1536 1783 jubet.
1570 1705 1763 1788 Haeeprio·

356 1809 404 1874 ris
422 1809 574 1895 epistolae
593 1811 737 1872 consilia
756 1819 845 1874 sunt.
875 1811 940 1873 His
970 1811 1078 1873 multa
1103 1820 1182 1873 sunt
1205 1810 1408 1894 interposita
1429 1813 1471 1873 de
1489 1809 1629 1873 Caesaris
1648 1809 1763 1872 laudi-

355 1915 438 2001 bus,
475 1919 518 1981 de
548 1919 696 1982 adversae
722 1915 881 1980 factionis
913 1915 1082 2002 perversis
1114 1915 1291 1998 consiliis,
1321 1919 1364 1978 de
1381 1913 1550 1997 corruptis
1573 1913 1763 1992 juventutis

357 2022 528 2108 moribus,
550 2045 625 2105 quae
652 2025 769 2087 omnia
790 2024 960 2088 elienaab
982 2022 1132 2088 auctoris
1157 2011 1304 2087 consilio
1328 2019 1408 2099 jure
1433 2019 1572 2082 dixeris.
1606 2019 1671 2082 Sed
1693 2017 1762 2104 fac,

356 2129 446 2190 bane
465 2129 644 2211 epistolam
669 2131 807 2218 abipso
837 2132 986 2197 Salustio
1010 2151 1083 2197 esse
1111 2128 1360 2215 conscriptam,
1390 2127 1532 2191 alteram
1556 2134 1664 2209 certe,
1686 2143 1762 2208 quae

356 2231 473 2316 priore
494 2233 570 2297 loco
590 2239 753 2317 ponenda
774 2246 860 2322 erat,
881 2258 901 2300 a
920 2240 1149 2303 declamatore
1167 2239 1318 2321 quodam
1333 2233 1468 2319 ingenii
1483 2229 1663 2296 exercendi
1683 2249 1763 2294 cau-

356 2357 394 2401 sa
430 2337 590 2421 scriptam
629 2360 699 2404 esse
738 2341 890 2405 libenter
927 2346 1102 2408 concedes.
1151 2341 1326 2406 Nonnulla
1364 2339 1402 2402 in
1436 2346 1580 2419 utraque
1617 2335 1763 2418 epistola

303 2429 304 2432 ¹
357 2441 481 2505 iisdem
498 2442 569 2505 fere
584 2445 698 2505 verbis
722 2465 887 2526 expressa.
916 2445 984 2510 etr.
1002 2466 1074 2530 cap.
1090 2449 1118 2511 1.
1139 2449 1199 2530 Ep.
1219 2447 1246 2509 l.
1260 2453 1293 2508 et
1307 2445 1350 2506 II.
1370 2443 1499 2525 «quod
1507 2439 1615 2526 prius
1634 2434 1767 2532 defessi

356 2553 419 2609 etc.
449 2545 528 2606 Alia
556 2554 675 2606 eontra
696 2545 945 2624 diversissima,
971 2550 1076 2614 Sullae
1108 2549 1293 2612 crudelitas
1318 2551 1344 2610 Ι.
1365 2551 1424 2630 Ep.
1445 2569 1474 2611 e.
1500 2550 1540 2614 V.
1564 2555 1759 2611 accusatura

356 2649 464 2712 altera
486 2652 546 2733 Ep.
578 2668 650 2733 cap.
673 2651 730 2714 IV.
751 2650 822 2729 ejus
846 2651 1006 2715 landatur
1034 2654 1226 2721 clementia.
1270 2652 1432 2715 Ridicula
1457 2661 1506 2716 est
1534 2652 1683 2715 imitatio
1703 2669 1762 2716 eo-

356 2777 451 2840 rum,
472 2776 548 2837 quae
568 2756 734 2818 Salustius
752 2756 909 2820 Catilinae
931 2765 964 2820 et
981 2759 1160 2844 Jugurtbae
1176 2757 1335 2843 praelatus
1361 2767 1442 2843 erat,
1474 2758 1541 2822 Clr.
1557 2765 1616 2841 Ep.
1631 2760 1672 2819 11.
1694 2777 1762 2824 c.1.

354 2862 423 2926 Sed
438 2857 529 2924 mihi
557 2858 717 2924 studium
729 2858 814 2952 juit
833 2862 1108 2928 adulescentulo
1125 2875 1208 2950 ete,
1232 2873 1265 2928 et
1291 2885 1362 2948 eap.
1391 2884 1438 2927 ro.
1453 2872 1651 2946 postquam
1673 2857 1764 2924 mihi

354 2974 464 3030 artes.
491 2965 602 3027 Etiam
623 2987 695 3051 cap.
711 2968 895 3052 septimum
917 2989 1019 3050 quam
1041 2969 1280 3056 simillimum,
1300 2989 1373 3054 cap.
1385 2971 1442 3031 XI.
1456 2978 1488 3032 et
1505 2969 1578 3030 XII.
1597 2966 1763 3031 Catilinae.

352 3069 496 3152 Siagula
514 3071 618 3132 verba
643 3083 744 3152 atque
759 3073 877 3156 figurae
900 3084 1039 3138 totsunt
1063 3097 1103 3140 ex
1125 3078 1274 3140 Salustio
1301 3077 1432 3159 petita,
1460 3081 1498 3137 ut
1526 3073 1683 3151 jejunum
1705 3075 1763 3137 de-

354 3173 575 3234 clamatorem
595 3173 632 3233 in
653 3175 709 3235 his
729 3174 829 3238 facile
848 3195 1021 3258 agnoscas.
1051 3178 1118 3239 Clr.
1133 3201 1203 3262 cap.
1223 3183 1277 3242 IX.
1293 3189 1485 3262 parentur
1503 3179 1591 3241 hoec
1604 3171 1764 3260 discipli·

355 3299 405 3339 na
416 3279 640 3340 Graecorum
655 3287 716 3340 ete.
726 3298 801 3358 quae
811 3277 978 3339 Salustius
990 3279 1139 3342 Marium
1155 3282 1417 3347 facitdieentem
1432 3286 1508 3369 Jug.
1523 3305 1550 3346 e.
1558 3283 1713 3347 LXXXV.
1724 3299 1764 3345 ea

351 3381 497 3444 stolidus
514 3383 722 3444 declamator
751 3391 912 3462 tanquam
938 3383 980 3444 ab
1007 3383 1083 3467 ipso
1100 3386 1247 3450 Salustio
1268 3389 1360 3451 dicta
1380 3389 1521 3471 repetit,
1543 3407 1654 3470 neque
1669 3385 1764 3473 cogi·

353 3485 455 3568 tavit,
474 3486 658 3548 Salustium
678 3487 872 3548 Graecarum
886 3485 1063 3547 literarum
1091 3499 1266 3573 tantopere
1283 3492 1386 3556 fuisse
1405 3492 1597 3554 studiosum
1612 3500 1650 3554 ut
1672 3491 1765 3554 mul-

353 3600 387 3653 ta
406 3591 668 3676 exThueydidis
688 3591 841 3654 fontibus
858 3591 895 3653 in
910 3591 1041 3655 rivulos
1064 3611 1141 3656 suos
1163 3598 1377 3662 derivaverit.
1406 3596 1473 3660 Csr.
1494 3607 1659 3680 praterea
1678 3616 1706 3658 e.
1722 3597 1763 3662 V.

354 3693 395 3758 in
416 3697 506 3760 duas
521 3707 651 3781 portes
667 3708 746 3783 etc,
766 3709 799 3762 et
818 3701 977 3784 Iugurth.
999 3720 1025 3760 e.
1042 3700 1126 3764 XLI.
1146 3703 1212 3765 Sed
1233 3715 1270 3766 ut
1287 3707 1360 3767 baec
1377 3703 1565 3786 mittemus,
1582 3723 1657 3783 quae
1675 3720 1763 3763 unus

355 3801 501 3882 quisque
520 3802 620 3865 facile
643 3803 831 3867 inveniat.’'
853 3805 1052 3882 Cujusmodi
1069 3811 1205 3872 tandem
1229 3820 1278 3872 est
1296 3809 1399 3871 totius
1421 3807 1563 3890 epistola
1581 3825 1764 3892 argumen-

353 3909 453 3969 tum?
475 3906 627 3968 Consilia
649 3911 691 3969 de
705 3907 882 3991 republica
902 3910 1093 3973 ordinanda
1106 3933 1140 3976 se
1158 3914 1280 3977 Caesari
1291 3917 1370 3974 dare
1388 3913 1477 3975 velle
1493 3911 1673 3994 profitetur
1690 3930 1763 3973 mo-

354 4011 565 4077 destissimus
584 4021 711 4074 auctor.
738 4014 805 4075 Sed
827 4033 902 4092 quae
916 4024 997 4075 sunt
1011 4015 1076 4078 ista
1094 4037 1183 4080 nova
1202 4017 1365 4100 consilia,
1384 4037 1531 4096 quorum
1543 4016 1763 4100 explicando-

348 4139 431 4188 rum
445 4137 582 4182 causam
602 4115 745 4181 alteram
770 4116 951 4201 epistolam
972 4119 1169 4186 obtenderet
1191 4123 1324 4206 Caesari,
1346 4121 1503 4184 maximis
1524 4109 1762 4206 occupationi-
