4108 4976
1595 377 1671 478 ns

267 557 315 622 ia
339 559 393 642 15,
413 559 450 638 83
472 561 628 624 Gratum
645 551 896 646 mihiseceris,
915 552 951 624 si
962 559 1077 626 uxori
1089 569 1176 626 tuae
1189 559 1276 628 meis
1292 559 1405 631 verbis
1414 563 1486 634 eris
1495 577 1667 660 gratula-
1745 571 1747 578 ’

120 725 126 742 ,
218 699 222 708 ·
268 667 480 733 tua-velle
498 673 534 729 et
555 687 707 736 censere.
720 665 810 732 illud
819 665 959 753 populi,
972 669 1039 731 boc
1050 677 1185 732 senatus
1199 677 1257 732 est.
1272 671 1421 736 ceterum
1435 676 1524 739 bane
1536 677 1667 744 formu-

265 766 336 832 lam
359 771 482 855 sapius
503 779 545 834 ut
566 793 647 836 cam
667 769 768 862 conj.
785 772 948 852 sequitur.
970 773 1030 837 cfr.
1052 777 1132 839 Caes.
1151 778 1187 842 Β.
1209 775 1276 838 civ.
1298 782 1336 862 ³,
1358 797 1426 859 107.
1449 780 1608 846 ostendit
1618 782 1679 866 sis

268 870 307 936 bi
335 878 500 960 placere,
527 899 648 966 regem
676 877 929 960 Ptolemaeum
960 887 1072 960 atque
1100 901 1263 961 sororem
1303 880 1381 968 ejus
1430 885 1667 970 Cleopatram

216 1063 221 1074 ’
265 975 464 1063 exercitus,
485 1001 575 1062 quos
593 980 784 1063 haberent,
815 976 998 1046 dimittere
1019 989 1055 1044 et
1075 984 1118 1047 cle
1138 985 1396 1052 controversiis
1407 987 1499 1081 jure
1518 995 1620 1076 apud
1628 1016 1668 1058 se

261 1078 407 1166 potius,
435 1103 543 1163 quam
564 1080 662 1148 inter
679 1103 718 1148 se
736 1085 850 1162 armis
871 1083 1083 1171 de'sceptare.
1121 1091 1217 1154 Auct.
1238 1092 1393 1156 debello
1412 1095 1557 1161 Gallico.
1575 1087 1683 1168 VIII(

264 1187 323 1250 fin.
363 1190 491 1270 quoad
511 1184 584 1251 sibi
607 1209 686 1270 spes
710 1187 838 1273 aliqua
865 1190 1136 1276 relinqueretur
1161 1193 1250 1284 jure
1270 1163 1411 1280 paliis¹
1424 1197 1666 1287 disceptandi,

266 1313 375 1374 quam
397 1290 483 1356 belli
496 1293 710 1381 gerendi—
722 1296 870 1382 dignum
882 1291 975 1387 sore
993 1301 1084 1362 Med.
1097 1303 1127 1362 s.
1148 1322 1251 1381 9.11;
1272 1301 1427 1384 quamvis
1440 1313 1563 1388 popter
1576 1308 1665 1371 hanc

263 1397 461 1462 varietatem
480 1400 624 1462 verbum
645 1400 893 1466 substantivum
913 1401 1038 1485 aliquis
1058 1413 1250 1490 suspectum
1276 1407 1452 1493 habuerit,
1473 1399 1587 1474 tamen
1599 1413 1666 1476 boc

264 1504 421 1568 omittere
446 1504 565 1567 durius
584 1505 729 1584 videtur.

345 1613 423 1696 Cap.
442 1613 545 1675 XXI'I.
569 1621 800 1680 maturantes
821 1611 978 1682 veniunt.
1007 1618 1066 1682 cfr.
1089 1618 1182 1683 inira
1202 1623 1253 1685 52.
1262 1614 1454 1712 festinans
1465 1619 1604 1711 pergit.
1634 1632 1668 1688 et

265 1735 334 1777 101.
360 1715 474 1780 simul
497 1714 656 1800 undique
683 1725 932 1807 speculatores
958 1719 1027 1786 citi
1044 1715 1083 1787 se
1105 1727 1311 1789 ostendunt.
1335 1735 1368 1800 et
1389 1743 1440 1802 44.
1459 1725 1608 1808 pecoris
1631 1737 1667 1790 et

263 1820 530 1906 mancipiorum
553 1826 716 1906 praedas
746 1833 930 1890 certantes
957 1847 1079 1912 agere3
1124 1829 1233 1895 Plaut.
1263 1829 1373 1895 casin.
1402 1833 1431 1897 5.
1458 1852 1483 1896 1.
1511 1847 1565 1909 143
1611 1834 1667 1893 lu·

263 1925 348 1991 bens
357 1921 488 2016 secero
511 1950 556 1992 ac
576 1932 707 1998 solens.
737 1931 783 1992 Ut
809 1929 904 1994 enim
929 1930 1134 2011 adjectivum
1154 1934 1277 2017 sapius
1296 1954 1360 2017 pro
1381 1936 1544 1998 adverbio
1564 1936 1671 2018 poni·
1711 1921 1713 1926 ¹

262 2038 334 2117 tur,
355 2033 404 2097 lta
422 2033 644 2117 participium
664 2033 847 2117 aliquoties
866 2037 987 2116 eodem
1008 2041 1113 2100 modo
1133 2047 1325 2121 usurpatur.
1339 2060 1481 2120 parare
1492 2041 1584 2122 apud
1597 2039 1666 2102 Sal.

262 2137 385 2222 saepius
405 2161 482 2202 cum
503 2139 678 2203 infinitivo
691 2141 858 2222 jungitur·
877 2139 936 2203 c'fr.
959 2143 1028 2203 Cat.
1046 2145 1096 2218 46.
1115 2162 1227 2225 supra.
1245 2146 1292 2208 13.
1306 2147 1390 2226 Nep.
1401 2145 1534 2210 Datam.
1555 2161 1584 2222 4.
1597 2166 1667 2206 au·

246 2241 450 2307 -diebaturs
469 2245 580 2309 rarius
598 2244 770 2329 passivum
791 2263 869 2310 cum
888 2245 1132 2330 prepositione
1152 2246 1195 2311 de
1209 2246 1378 2333 jungitur.
1399 2249 1552 2312 clemens
1572 2257 1666 2314 erat.

262 2347 424 2415 Priscian.
449 2351 502 2434 18,
527 2353 573 2412 26.
594 2373 628 2434 p.
652 2353 723 2413 250.
752 2352 813 2412 Ed.
833 2351 953 2414 Krehl.
995 2359 1086 2414 reete
1110 2371 1173 2435 per
1198 2371 1273 2416 non
1303 2347 1437 2416 nimius
1463 2353 1610 2436 explieat
1631 2363 1666 2418 et

263 2453 419 2518 Graecum
438 2451 543 2553 πράως
564 2455 719 2540 apposite
739 2455 882 2522 confert.
905 2455 1036 2526 scilieet
1055 2465 1094 2519 ut
1112 2456 1183 2521 vita
1205 2457 1337 2520 urbana
1351 2460 1664 2541 apudTerent.·Ad.

263 2579 402 2640 r.¹1.17.
424 2569 458 2625 et
478 2581 604 2647 amnes,
623 2581 731 2646 aurae,
752 2565 896 2648 gradus,
916 2561 1016 2625 collis
1036 2569 1100 2625 etc.
1120 2561 1243 2646 saepius
1263 2565 1355 2646 apud
1374 2571 1493 2647 poetas
1513 2566 1665 2630 clemen·

261 2671 315 2730 tes
336 2665 512 2752 dicuntur,
533 2668 581 2730 ita
602 2669 767 2732 hocloco
787 2687 920 2746 rumor3
941 2666 964 2728 i.
986 2687 1015 2734 e.
1035 2686 1109 2730 rem
1129 2687 1202 2730 nou
1222 2669 1456 2754 exaggerabat,
1477 2670 1537 2732 sed
1549 2667 1666 2752 potius

260 2773 472 2834 extenuabat.
502 2775 596 2854 quod
630 2771 794 2858 nonnulli
821 2779 990 2857 statuunt,
1020 2775 1173 2836 clemens
1199 2771 1293 2836 idem
1325 2773 1535 2857 significare,
1570 2775 1666 2852 quod

252 2894 391 2956 parum
413 2872 637 2962 divulgatum
659 2897 749 2959 esse,
779 2876 818 2937 id
843 2862 982 2959 longius
1008 2896 1028 2938 a
1048 2876 1213 2958 primaria
1232 2876 1335 2955 hujus
1353 2876 1447 2939 vocis
1467 2874 1666 2960 significati-

261 2997 329 3041 one
349 2981 507 3067 recedere
527 2980 671 3043 videtur.
693 3000 730 3054 se
751 2976 901 3046 enisum.
923 3000 1116 3063 pronomen
1137 3000 1257 3043 omnes
1277 2979 1360 3042 libri
1382 2980 1548 3057 retinent3
1570 2983 1666 3061 quod
1698 3059 1702 3067 Ι

259 3081 578 3148 immeritoCortius
599 3083 741 3166 delevit,
760 3083 990 3146 similitudine
1009 3083 1078 3144 loci
1098 3083 1294 3146 in·Cet.31.
1313 3083 1353 3147 in
1373 3103 1525 3148 errorem
1544 3083 1667 3146 induc-

261 3196 325 3264 tus.
346 3191 406 3253 sed
427 3190 498 3252 haec
518 3187 652 3252 diversa
671 3207 743 3250 esse
763 3187 998 3270 unusquisque
1019 3186 1196 3272 intelligit.
1237 3171 1426 3252 hoc'enim
1443 3190 1521 3251 loco
1546 3188 1666 3280 tertius
1784 3257 1785 3260 ,

261 3314 356 3358 casus
383 3275 623 3376 antecesserat,
654 3296 714 3358 sed
742 3292 781 3355 in
802 3292 1024 3373 sequentibus
1043 3291 1253 3357 accusativus
1274 3294 1485 3378 supplendus
1505 3302 1566 3359 est.
1597 3297 1664 3360 hoc
1723 3277 1727 3284 ¹

259 3397 336 3462 fieri
355 3419 454 3483 posse
475 3397 575 3462 facile
595 3397 740 3484 largior3
762 3400 822 3461 sed
851 3419 929 3460 cum
949 3406 1016 3461 tres
1037 3399 1198 3483 deinceps
1218 3399 1397 3463 sententiae
1424 3405 1665 3481 sequerentur,

259 3502 323 3566 ubi
349 3511 481 3566 mutata
507 3511 579 3567 erat
601 3501 831 3587 constructio,
861 3523 1054 3586 pronomen
1084 3511 1205 3585 quarto
1233 3525 1312 3569 casu
1327 3513 1486 3588 ‚repetere
1506 3503 1668 3590 scriptori

261 3608 487 3688 necessarium
505 3606 629 3671 visum.
642 3605 872 3692 probaretur
892 3606 948 3670 ab.
968 3609 1041 3672 haee
1061 3608 1275 3672 constructio
1290 3610 1414 3688 rarior3
1438 3611 1557 3691 tertius
1573 3610 1668 3674 enim

262 3733 356 3776 casus
384 3712 465 3776 huic
494 3714 600 3777 verbo
626 3713 730 3797 jungi
759 3712 856 3775 solet.
904 3712 1057 3775 Ablativi
1085 3733 1192 3797 pauca
1212 3713 1384 3776 inveneris
1406 3713 1570 3796 exempla.
1605 3712 1665 3776 cfr.

260 3818 349 3880 Plin.
371 3819 453 3901 Epp.
473 3840 501 3897 9.
526 3839 579 3897 ¹93
603 3811 855 3907 familiariter
874 3815 919 3878 ab
941 3837 982 3880 eo
1004 3818 1158 3880 dilectus
1174 3815 1434 3900 probatusque.
1454 3855 1496 3868 -
1518 3811 1665 3880 malitia

171 3967 173 3972 .
260 3921 380 3988 virtuti
408 3923 608 4006 opponitur,
634 3930 672 3986 ut
692 3923 785 4004 apud
805 3920 957 3984 Gellium
972 3922 1034 4005 (Ν.
1056 3920 1111 4002 Α.)
1133 3924 1216 3998 163
1238 3918 1448 4002 inculpatus
1469 3916 1591 3985 instar
1612 3926 1666 3984 est

131 4005 140 4020 ¹
261 4025 458 4098 absolutae,
478 4023 640 4110 virtutis,
670 4021 874 4089 illaudatus
879 4025 974 4109 finis
995 4032 1049 4088 est
1069 4033 1251 4089 extremae
1271 4022 1447 4090 malitiae.
1467 4025 1526 4090 cir.
1548 4028 1663 4090 Senes.

259 4131 344 4213 Epp.
366 4131 439 4208 1063
461 4123 820 4218 quicquidsacimus,
841 4135 908 4190 aut
929 4123 1075 4192 virtutis
1095 4137 1163 4191 aut
1182 4123 1349 4192 malitiae
1365 4149 1532 4217 geremus
1553 4124 1663 4210 impe·

260 4229 330 4302 rio.
350 4231 631 4321 cir.id.Epp.³1.
650 4242 685 4300 et
700 4236 875 4300 Tanton.
894 4237 949 4316 13,
969 4238 1021 4300 30.
1049 4229 1089 4302 ia
1108 4253 1261 4322 regnum
1275 4233 1503 4316 adoptatum.
1526 4231 1586 4294 etr.
1600 4233 1664 4296 Ju-

1168 4362 1212 4439 27
