4116 4970
1644 421 1693 494 ,19

291 607 336 676 tis
364 610 502 676 lacerat.
539 609 628 674 Turn
650 605 712 689 qui
732 600 808 670 fieri
828 601 958 690 potuit,
979 609 1020 668 ut
1035 597 1203 667 Salustius
1224 592 1383 662 Ciceroni
1403 591 1571 675 majorum
1590 592 1693 682 igno·

290 715 464 782 bilitatem
495 714 583 802 vitio
612 718 785 795 verteret,
813 731 891 774 cum
919 709 992 794 ipse
1021 705 1193 772 Amiterni
1220 715 1320 768 natus
1363 705 1473 768 esset?
1490 703 1698 784 'quuoquc

289 821 373 888 satis
393 825 554 885 audacter
572 839 632 884 seu
651 816 770 900 potius
789 815 1009 900 impudenter
1028 813 1178 896 dictum,
1200 808 1374 876 Ciceronis
1387 807 1601 872 consulatum
1615 827 1693 870 cau-

288 945 363 992 sam
384 923 629 1005 conjurationis
650 919 860 986 Catilinarire
880 913 999 996 inisse3
1029 938 1141 999 neque
1161 915 1228 980 hoc
1249 924 1298 979 est
1316 913 1498 998 probabile
1519 910 1695 978 mendaci·

289 1053 367 1115 um,
387 1040 464 1116 post
484 1029 699 1094 consulatum
720 1025 921 1088 Ciceronem
940 1044 1019 1088 curn
1035 1021 1195 1086 Terentia
1214 1039 1320 1084 uxore
1340 1019 1428 1105 legis
1441 1017 1583 1084 Plautia
1598 1017 1696 1097 judi-

291 1135 347 1200 cia
367 1135 462 1198 domi
483 1133 602 1197 iecisse
622 1132 778 1212 aliosque
799 1139 932 1213 morte,
953 1128 1041 1191 alios
1061 1123 1209 1211 pecunia
1230 1127 1482 1188 condemnasse.
1508 1123 1578 1208 Qui
1598 1123 1694 1188 enim

289 1249 371 1304 sunt
391 1239 473 1322 illi,
504 1237 565 1320 qui
585 1246 663 1320 post
682 1236 857 1300 Ciceronis
876 1234 1091 1300 consulatum
1113 1242 1275 1313 tauquam
1304 1229 1552 1308 conjurationis
1574 1228 1695 1291 Catili·

291 1345 398 1408 neriae
419 1343 548 1409 conscii
562 1341 685 1425 capitis
706 1339 858 1402 damnati
872 1339 1029 1406 fuerint?
1048 1373 1090 1390 -
1110 1338 1183 1400 Imo
1204 1337 1309 1420 paulo
1323 1333 1567 1398 infraalterius
1578 1333 1694 1396 decla-

291 1449 432 1513 matoris
452 1448 579 1512 scrinia
599 1455 718 1510 auctor
744 1443 945 1528 compilasse
965 1443 1124 1508 videtur:
1159 1462 1235 1524 quae
1266 1441 1359 1504 enim
1386 1457 1489 1522 supra
1514 1438 1618 1522 Epist.
1650 1442 1694 1504 de

290 1552 482 1636 Republica
504 1553 585 1615 Ord.
612 1553 655 1618 11.
673 1569 744 1634 cap.
758 1571 786 1630 9.
807 1549 846 1612 in
868 1548 1061 1612 Domitium
1087 1548 1272 1612 dicuntur:
1303 1542 1409 1630 cujus
1424 1544 1567 1610 nullum
1585 1541 1717 1608 mem·‘

292 1657 394 1722 hrum
425 1679 449 1720 a
475 1651 633 1745 flagitio
661 1663 730 1718 out
754 1649 934 1744 facinore
962 1649 1105 1718 vacat?
1130 1649 1279 1740 Lingua
1312 1671 1428 1734 vana,
1450 1671 1582 1717 manus
1610 1670 1695 1712 cru·

290 1771 407 1846 cotue,
421 1761 531 1846 pedes
544 1757 723 1850 fugacem
751 1781 845 1842 quae
864 1759 1012 1823 honeste
1022 1752 1211 1822 nominari
1229 1765 1423 1841 nequeunt,
1447 1753 1697 1822 inhonestissi-

289 1888 384 1943 ma‚·
410 1869 477 1932 hoc
505 1867 582 1930 loco
618 1865 742 1928 iisdem
763 1863 836 1928 fere
856 1864 971 1927 verbis
991 1871 1202 1947 repetuntur.
1233 1861 1301 1924 Cfr.
1318 1881 1390 1946 cap.
1403 1867 1433 1926 3.
1452 1861 1697 1926 Jamfachanc

289 1972 483 2036 orationem
503 1991 523 2034 o
542 1971 690 2034 Salustio
712 1986 783 2034 esse
803 1969 977 2053 habitam,
995 1969 1054 2032 vix
1068 1967 1274 2051 decreveris,
1295 1969 1339 2030 ad
1362 1969 1457 2048 quod
1478 1976 1611 2051 tempus
1631 1987 1696 2050 po-

289 2077 460 2140 tissimum
476 2075 520 2138 sit
534 2074 722 2138 referenda.
751 2077 954 2138 Personatus
969 2074 1063 2138 enim
1084 2075 1203 2138 Cicero
1225 2093 1296 2134 non
1315 2072 1428 2135 solum
1448 2071 1619 2157 significat
1635 2073 1696 2134 Sa·
1781 2072 1790 2086 ‘

289 2182 433 2244 lustium
448 2179 522 2256 jam
544 2200 585 2242 ex
612 2177 727 2240 Africa
748 2180 906 2242 reducem
929 2177 1078 2262 factum,
1098 2181 1157 2242 sed
1184 2175 1289 2242 etiarn
1316 2175 1484 2242 historias,
1492 2178 1567 2256 jam
1588 2177 1631 2238 ab
1653 2195 1695 2241 eo

294 2283 438 2368 scriptas
458 2302 530 2348 esse
551 2283 655 2366 dicit,
676 2281 757 2366 (cfr.
778 2283 846 2344 Cic.
868 2283 1045 2348 declamat.
1067 2284 1106 2345 in
1118 2282 1186 2348 Sal.
1209 2283 1351 2370 cap.3.)
1380 2285 1507 2366 Neque
1522 2291 1558 2347 te
1573 2280 1632 2346 tui
1639 2279 1698 2366 pi-

288 2397 368 2480 get,
391 2388 498 2452 homo
521 2385 723 2468 levr'rsume,
746 2407 828 2450 cum
850 2409 893 2451 ea
913 2390 1057 2473 culpae,
1081 2385 1235 2472 quaein
1258 2385 1423 2453 historiis
1444 2385 1535 2452 mihi
1550 2383 1707 2476 gloriae

291 2491 404 2558 ducis.
434 2493 500 2556 Sed
520 2513 562 2558 eo
584 2501 737 2577 tempore
755 2493 924 2558 Salustius
942 2495 1035 2556 haud
1057 2495 1205 2579 amplius
1226 2495 1264 2558 in
1284 2503 1441 2559 senatum
1451 2495 1584 2560 venisse
1599 2493 1698 2560 vide-

289 2607 361 2684 tur,
388 2598 518 2683 quippe
547 2598 609 2681 qui
630 2597 800 2680 reliquam
821 2608 954 2664 etatem
973 2601 1094 2685 procul
1125 2619 1147 2663 a
1167 2601 1346 2685 republica
1364 2601 1560 2664 habendam
1581 2603 1697 2665 decre'·
1761 2646 1766 2656 ¹

287 2705 387 2770 verit.
407 2704 491 2790 (cfr.
510 2705 682 2790 Jugurtha
701 2725 729 2768 c.
743 2719 792 2787 4.,
814 2725 907 2785 quae
924 2725 1060 2792 genera
1081 2702 1269 2770 hominum
1290 2703 1329 2770 in
1347 2715 1514 2772 cenatum
1525 2725 1698 2791 pervene-

289 2807 400 2893 rint.)
433 2809 526 2874 Fieri
545 2810 653 2895 igitur
672 2829 744 2874 non
764 2809 897 2893 potuit,
928 2818 967 2872 ut
988 2830 1029 2874 eo
1051 2817 1205 2894 tempore
1226 2833 1305 2875 cum
1325 2812 1490 2876 Cicerone
1517 2811 1556 2874 in
1576 2820 1697 2876 senatu

288 2915 519 2980 altercaretur.
557 2916 649 2998 Quas
676 2914 784 2999 igitur
805 2912 1020 2997 grammatici
1040 2915 1227 2978 commenti
1255 2925 1353 2978 erant
1372 2914 1591 3001 inimicitias,
1619 2937 1696 2998 quar

290 3019 449 3084 Ciceroni
471 3041 549 3082 eum
568 3019 716 3082 salustio
738 3017 1012 3099 intercesserint,
1029 3021 1157 3082 eadem
1172 3019 1461 3083 declamatoribus
1473 3023 1597 3084 harum
1620 3040 1697 3085 ora-

289 3125 426 3190 tionum
446 3124 704 3188 scribendarum
725 3121 904 3186 materiem
925 3121 1058 3184 dedisse
1078 3121 1251 3186 videntur.
1279 3125 1321 3186 In
1341 3124 1506 3189 Cicerone
1528 3126 1622 3190 enim
1641 3147 1696 3190 ac·-

290 3232 440 3294 cusando
460 3239 494 3293 et
515 3227 739 3292 defendendo¹
753 3226 913 3311 inprimis
941 3237 1123 3312 occupatos
1147 3226 1252 3292 fuisse
1272 3228 1354 3292 illos
1375 3232 1545 3314 rhetores,
1570 3234 1696 3298 docent

291 3335 598 3400 controversiarum
618 3335 789 3419 exempla,
809 3351 884 3416 quae
897 3333 1032 3396 Seneca
1045 3332 1275 3396 suasoriarum
1292 3335 1385 3399 libro
1398 3336 1588 3421 proposuit.
1617 3341 1694 3403 Jarn

249 3483 253 3490 ·
292 3461 370 3506 eum
391 3441 471 3504 satis
492 3447 703 3524 exploratum
724 3459 794 3504 esse
813 3437 993 3521 videatur,
1023 3438 1165 3518 quinam
1184 3440 1269 3502 libri
1289 3459 1331 3503 ex
1349 3442 1551 3507 Salustianis
1571 3465 1694 3510 monu-

291 3546 416 3611 mentis
436 3545 580 3632 genuini
599 3545 751 3608 habendi
772 3543 860 3626 sint,
881 3542 1104 3624 antiquorum
1124 3543 1325 3629 scriptorum
1348 3547 1544 3612 testimonia
1565 3552 1608 3614 de
1621 3549 1694 3615 illis

292 3653 417 3716 addere
429 3651 559 3735 placet,
579 3660 618 3712 ut
633 3650 824 3734 priscorum
834 3649 1033 3713 criticorum
1045 3651 1246 3715 auctoritate
1261 3663 1483 3738 moveantur,
1503 3655 1564 3736 qui
1580 3656 1636 3719 his
1649 3658 1693 3722 de

291 3757 394 3820 rebus
414 3757 590 3840 disputare
612 3775 724 3836 neque
743 3755 797 3818 sui
810 3753 955 3837 judicii,
976 3775 1087 3836 neque
1101 3775 1239 3818 suarum
1249 3757 1377 3819 virium
1392 3777 1463 3822 esse
1477 3768 1608 3843 putant.
1628 3763 1696 3825 Ac·

291 3863 402 3945 cedit,
430 3863 525 3944 quod
554 3860 610 3923 his
630 3859 774 3938 judiciis
803 3859 992 3922 accuratius
1020 3859 1214 3945 perpensis,
1245 3865 1288 3926 de
1317 3863 1474 3927 oratione
1500 3864 1695 3932 salustiano

290 3965 401 4032 multo
424 3967 549 4030 rectius
567 3965 691 4049 statui,
711 3974 745 4029 et
766 3985 842 4046 quae
860 3965 1001 4049 propria
1021 3965 1094 4044 ejus
1112 3965 1158 4029 sit
1178 3968 1290 4052 ratio,
1308 3970 1457 4053 perspici
1477 3980 1598 4054 potest.

363 4071 439 4134 lam
457 4070 643 4134 Salustium
664 4071 885 4152 antiquorum
904 4071 1088 4136 verborum
1109 4071 1213 4136 inisse
1232 4075 1504 4138 amantissimum
1519 4088 1553 4141 et
1573 4095 1692 4141 recen-

291 4176 419 4240 tiorum
440 4177 543 4239 etiarn
561 4175 706 4260 priscam
727 4175 1014 4260 significationem
1035 4197 1138 4260 quam
1159 4180 1307 4245 maxime
1327 4199 1398 4248 esse
1418 4191 1591 4266 secutum,
1612 4203 1690 4250 cum
