4106 4974
1581 393 1651 492 145

270 598 403 664 Ateus.
416 614 466 680 7⁰·
488 588 586 661 nihil
594 589 803 685 largiundo.
824 591 893 656 hoc
904 588 1092 656 stoicorum
1111 587 1267 655 moribus
1293 593 1571 658 consentaneum.
1589 592 1672 662 vide

269 723 374 791 supra
390 703 460 767 cie.
480 722 544 787 pro
566 703 654 764 Mur.
676 720 704 763 c.
726 716 777 780 ²9.
796 717 847 778 sq.
869 689 1011 760 decoris
1031 695 1058 762 i.
1079 715 1109 760 e.
1129 693 1329 766 honestatis.
1346 692 1671 778 essequamvideri.

270 809 333 875 cfr.
358 810 478 874 Aesch.
501 809 593 891 Sept.
624 809 701 902 adv.
735 802 844 868 Theb.
876 803 945 884 59²·
988 799 1021 869 ου’
1035 795 1101 898 pig
1121 803 1216 871 hatis
1233 795 1346 875 dt'ttratoc
1363 844 1374 874 ‚
1394 797 1468 867 ἅλ’
1481 794 1554 870 rivae
1575 800 1667 872 θῖλιι

271 913 334 979 cfr.
370 929 485 976 mores
512 908 652 974 Catonis
681 927 702 971 a
740 905 874 985 Vellejo
906 906 1096 970 illustratos
1129 923 1160 969 a.
1187 906 1238 968 35.
1291 907 1344 969 De
1379 904 1519 970 cesam
1547 901 1672 972 natura

270 1018 353 1084 vide
372 1019 520 1082 eundem
541 1033 571 1078 a.
592 1029 643 1091 4¹·
685 1009 794 1076 Cicer.
825 1029 889 1094 pro
924 1010 1090 1074 Marcello
1119 1027 1149 1074 a.
1180 1009 1409 1092 sequebatur.
1439 1012 1529 1080 banc
1548 1013 1672 1078 lectio-
1749 1034 1753 1044 ·

271 1141 353 1188 nem
388 1141 460 1185 non
489 1120 603 1184 solum
634 1115 739 1181 multi
767 1115 852 1180 libri
873 1135 914 1180 ex
940 1116 1070 1180 Italicis
1096 1114 1317 1199 confirmant,
1336 1117 1396 1180 sed
1417 1115 1522 1180 etiam
1544 1118 1658 1182 multa

272 1227 479 1313 scriptorum
497 1221 754 1290 loca.cir.l’lin.
768 1222 937 1307 Epp.,r.S.
957 1220 1064 1304 sequi
1076 1218 1203 1310 glorio
1223 1243 1300 1288 raon
1320 1220 1446 1307 adpeti
1465 1222 1582 1301 debet3
1604 1243 1671 1288 nec
1725 1238 1730 1248 ·

272 1329 310 1397 ai
337 1352 426 1397 casu
454 1327 582 1411 aliquo
604 1348 681 1393 nort
707 1336 887 1410 sequntur
913 1322 955 1390 id
981 1323 1106 1412 circo,
1129 1327 1230 1409 quod
1242 1323 1406 1416 gloriam
1422 1347 1498 1392 non
1513 1323 1670 1412 meruit,

274 1433 396 1502 minus
428 1437 600 1518 pulcrum
634 1440 698 1498 est.
737 1441 771 1496 et
795 1433 892 1498 Auct.
914 1434 957 1497 de
986 1450 1091 1510 causs.
1122 1439 1292 1515 corrupte
1313 1433 1404 1514 eloq.
1433 1450 1480 1494 to.
1494 1491 1498 1498 ,
1512 1425 1635 1522 sama.
1652 1473 1678 1498 ..

274 1548 445 1608 oratores
462 1535 640 1622 sequitur.
659 1536 723 1600 cfr.
744 1557 850 1622 supra
870 1555 942 1620 cap.
963 1541 995 1604 3.
1016 1544 1050 1600 et
1072 1553 1120 1601 ra.
1150 1546 1185 1602 et
1205 1557 1308 1620 quem
1330 1537 1383 1602 ibi
1402 1538 1545 1602 laudavi
1563 1539 1682 1602 locum

274 1645 397 1725 Vellei.
420 1667 447 1708 r.
467 1667 495 1712 a.
517 1680 561 1695 -
589 1646 671 1710 Haec
691 1642 877 1728 digressio,
898 1641 1055 1725 quamvis
1075 1641 1191 1707 alieno
1212 1643 1291 1707 loco
1311 1641 1411 1706 illata
1431 1661 1503 1708 esse
1522 1642 1684 1729 videtur,

274 1758 390 1815 umen
411 1750 540 1834 etipsa
561 1747 758 1814 testimonio
779 1756 849 1833 est,
869 1756 999 1830 quanta
1016 1745 1070 1809 vis
1089 1746 1224 1832 ingenii
1245 1748 1284 1809 in
1308 1747 1457 1811 Salustio
1478 1747 1532 1812 sit.
1552 1749 1683 1835 Longis

274 1855 477 1941 ambagibus
496 1856 540 1918 ab
561 1854 683 1938 initio,
717 1857 840 1930 credo,
863 1871 944 1916 usus
964 1858 1038 1934 est,
1063 1859 1102 1914 ut
1121 1851 1324 1938 gravitatem
1345 1851 1497 1916 orationi
1516 1855 1680 1930 adderet,
1776 1911 1778 1916 .

275 1979 485 2044 quamquam
511 1960 692 2025 verbosius
713 1958 839 2040 etiam,
858 1977 962 2041 quam
998 1977 1135 2022 necesse
1165 1965 1263 2031 erat,
1296 1960 1362 2022 hoc
1393 1959 1578 2042 exposuit..
1601 1964 1685 2028 Per-

275 2086 395 2150 peram
413 2068 481 2129 hoc
500 2065 654 2128 imitatus
674 2073 724 2130 est
743 2064 1002 2146 auctor-mpii
1024 2065 1067 2124 de
1087 2064 1173 2145 Rep.
1191 2062 1275 2126 Ord.
1292 2083 1321 2126 c.
1336 2083 1384 2125 ro.
1406 2065 1501 2144 quod
1513 2065 1557 2127 de
1571 2058 1686 2126 incre-

277 2171 404 2234 mentis
425 2170 640 2252 Reipublicae
661 2169 730 2231 Sal.
750 2168 919 2256 disputat,
946 2164 1042 2243 cujus
1062 2183 1144 2248 opes
1157 2185 1367 2248 paucorum
1389 2163 1518 2232 civium
1539 2162 1688 2256 egregia

281 2270 417 2340 virtute
437 2283 553 2338 auctas
572 2273 677 2338 fuisse
696 2272 833 2350 statuit;
855 2279 904 2336 est
925 2269 963 2333 id
986 2267 1138 2350 quidem,
1150 2269 1341 2336 multorum
1356 2270 1540 2351 judicium.
1568 2272 1635 2337 Sed
1649 2289 1687 2340 re

278 2378 471 2444 accuratius
491 2379 699 2462 examinata,
717 2380 785 2441 hoc
806 2375 909 2440 aliter
930 2395 966 2440 se
986 2375 1122 2440 habere.
1137 2373 1274 2440 dixeris.
1305 2375 1380 2439 Nisi
1402 2376 1495 2442 enim
1510 2377 1690 2442 universus

170 2527 175 2534 ·
276 2484 428 2570 populus
455 2483 558 2548 bonis
587 2482 698 2548 utitur
727 2482 902 2564 moribus,
932 2501 1054 2566 parum
1082 2501 1271 2568 paucorum
1307 2481 1437 2546 civium
1476 2483 1587 2550 virtus
1628 2502 1690 2547 va-

277 2589 337 2654 let.
369 2593 488 2670 Neque
516 2588 612 2654 bello
646 2587 792 2653 Punico.
810 2589 961 2654 secundo
990 2587 1163 2671 Scipionis
1192 2595 1296 2669 utque
1324 2587 1484 2650 Marcelli
1509 2589 1688 2673 praeclara

277 2693 464 2780 facinora,
506 2698 565 2760 sed
602 2704 743 2760 senatus
776 2694 968 2780 populique
1005 2691 1157 2756 Romani
1197 2690 1319 2756 firmus
1348 2694 1511 2758 adversus
1537 2693 1693 2777 pericula

279 2800 415 2864 animus
440 2802 710 2885 rempublicam
730 2802 773 2865 ab
793 2799 937 2864 interitu
958 2798 1114 2864 servavit.
1145 2798 1271 2881 ‘Quare
1303 2817 1439 2862 necesse
1459 2798 1600 2880 quidem
1621 2806 1691 2883 est,

279 2913 318 2970 ut
345 2903 466 2967 civitas
493 2905 582 2967 bene
607 2904 793 2968 constituta
822 2901 947 2984 optimi
974 2901 1139 2982 cujusque
1169 2900 1316 2964 consilio
1345 2909 1502 2986 regatur,
1531 2905 1591 2966 sed
1611 2901 1692 2972 falsi

279 3017 376 3092 sunt,
397 3007 460 3089 qui
484 3008 529 3084 iis
547 3007 765 3092 potissimum
787 3007 964 3088 tribuunt,
985 3025 1061 3086 quse
1079 3005 1243 3087 praeclare
1264 3011 1358 3089 gesta
1377 3006 1594 3070 runt-sad
1622 3009 1689 3072 boc

279 3110 504 3200 laudaveris,
530 3114 626 3192 quod
652 3112 774 3176 caesari
795 3113 960 3174 Catonem
988 3108 1198 3192 opposuerit.
1230 3112 1277 3172 Ut
1297 3110 1392 3174 enim
1412 3115 1494 3176 ento
1517 3110 1687 3178 innocen·

281 3216 360 3302 tia,
387 3215 595 3304 integritatis
622 3223 654 3280 et
673 3217 794 3301 priscae
814 3212 1071 3282 libertatisfuit
1090 3213 1305 3298 exemplum,
1341 3213 1391 3278 ita
1419 3220 1542 3302 Caesar,
1564 3237 1687 3299 quam-

282 3323 339 3386 vis
361 3322 521 3409 egregius
541 3331 647 3407 esset,
680 3322 724 3386 iis
743 3319 980 3406 voluptatibus
1000 3319 1138 3384 deditus
1168 3319 1256 3404 tuit,
1286 3340 1363 3404 quae
1398 3320 1444 3385 ad
1465 3326 1690 3400 evertendum

287 3429 539 3513 rempublicam
566 3427 756 3513 plurimum
789 3428 1028 3511 contulerunt,
1060 3427 1233 3511 avaritiae,
1260 3412 1445 3492 ambitioni
1465 3436 1568 3512 atque
1588 3429 1691 3498 luxu-

281 3533 355 3600 riae.
393 3536 471 3618 Ipsa
501 3537 744 3618 mansuetudo,
763 3553 868 3616 quarn
899 3532 1062 3596 laudibus
1093 3523 1192 3596 effert
1224 3532 1416 3619 Salustius,
1451 3534 1542 3620 regis
1574 3538 1692 3621 potius

283 3659 387 3720 quam
407 3638 600 3704 liberorum
620 3637 803 3703 hominum
821 3639 931 3703 virtus
952 3646 1011 3704 est.
1040 3637 1159 3701 Animi
1169 3639 1315 3724 ingenui
1333 3638 1426 3703 enim
1442 3641 1627 3704 liberrima.
1635 3641 1692 3704 in-

283 3741 452 3828 dignatio.
473 3743 584 3826 Atque
596 3785 607 3816 ,
626 3753 664 3806 ut
681 3743 822 3806 Salustii
841 3743 956 3807 verbis
975 3751 1077 3826 utar,
1098 3740 1137 3804 irc
1166 3735 1355 3824 republica
1384 3743 1502 3808 mutto
1516 3751 1691 3828 praestat

283 3843 446 3934 beneficii
464 3868 573 3930 quam
595 3842 766 3934 malcficii
783 3843 1027 3912 immemorem
1048 3867 1131 3910 esse.
1149 3885 1193 3900 -
1219 3848 1460 3930 Incorruptum
1475 3847 1630 3928 judicem
1651 3849 1692 3914 in

284 3970 326 4019 eo
346 3973 382 4018 se
402 3952 549 4038 praebuit
565 3953 742 4038 Salustius,
760 3956 856 4035 quod
875 3951 1029 4020 amicitia
1046 3942 1194 4018 'veritati
1211 3972 1284 4016 non
1303 3945 1429 4022 offecit.
1450 3956 1678 4041 Quantumvis

284 4056 1254 4143 enimcaesarisvirtutemtaudibuscetehrat‚tamenittum
1268 4059 1377 4145 magis
1385 4061 1567 4126 admireris
1586 4079 1693 4144 quam
1779 4093 1782 4100 ·

284 4163 488 4234 laudaveris.
507 4166 575 4228 Sed
590 4167 730 4232 Catonis
749 4165 858 4230 virtus
870 4163 1002 4252 optimo
1024 4162 1149 4247 cuique
1169 4169 1589 4252 tanquamexenptumat
1609 4165 1692 4234 tnt-

231 4321 235 4328 .
286 4267 431 4336 tandum
449 4279 499 4336 est
518 4271 745 4359 propositum.

1228 4355 1286 4452 ,Ψ
