4116 4970
347 329 371 414 4

348 513 385 574 L.
405 509 567 572 Cornelio
590 508 702 572 Cinna
724 511 813 574 Coss.
835 509 954 594 (U..C.
975 509 1179 576 DCLXVIII.
1196 527 1217 572 a
1236 511 1315 574 Chr.
1330 511 1527 594 Lxxxvt.)
1550 514 1648 574 Patre
1669 509 1752 574 Ple·

351 613 429 690 bcjo
443 633 520 676 eum
537 621 650 674 ortum
660 633 750 698 csse,
764 613 846 676 inde
863 615 1020 698 colligas,
1041 617 1134 694 quod
1148 623 1266 716 postea
1278 616 1436 677 tribunus
1451 616 1563 699 plebis
1582 616 1688 680 factus
1698 625 1750 678 est

354 729 385 778 et
396 717 437 778 ab
452 736 569 780 eorum
581 718 736 802 partibus
758 717 865 802 stetit,
885 717 947 799 qui
964 718 1183 801 optimatium
1196 720 1433 782 auctoritatem
1446 719 1620 784 infirmare
1634 723 1749 784 stude·
1861 715 1866 722 ’

354 823 447 884 hant.
470 821 519 900 4.)
1243 819 1246 827 ’

430 929 506 1010 Quo
526 935 689 1013 tempore,
708 927 822 1013 patria
838 929 970 1012 relicta,
990 929 1135 991 Romam
1153 927 1350 1015 migraverit
1363 937 1395 994 et
1417 927 1542 1012 quibus
1559 929 1753 993 Graecarurn

356 1153 557 1238 Telesphori
581 1157 618 1220 in
638 1155 955 1240 Reiues.1nscriptt.
973 1158 1043 1222 656.
1064 1155 1241 1220 ePicearti
1255 1155 1407 1220 Schedis.
1427 1158 1525 1240 Apud
1540 1157 1757 1230 Richardson

357 1259 395 1319 T.
411 1259 453 1320 il.
472 1282 505 1342 p.
525 1279 604 1341 271,
625 1263 714 1320 hanc
732 1259 993 1342 inscriptionem
1011 1259 1173 1343 scriptam
1193 1279 1264 1323 esse
1289 1262 1493 1326 Debrossius
1515 1271 1634 1324 auctor
1654 1269 1729 1323 cst:

465 1381 502 1424 u.
526 1379 681 1424 tonstrua*
704 1382 839 1426 rtoorus
866 1383 1013 1428 murreus
1040 1381 1158 1426 sama
1187 1385 1320 1428 marnis
1344 1387 1380 1431 ns
1407 1385 1527 1429 samar.
1553 1383 1664 1429 uonna
1692 1381 1760 1428 srsr

358 1485 451 1528 arou
465 1485 531 1528 cust
548 1486 712 1530 strumo
729 1487 850 1530 souxro
870 1488 1008 1531 nonnus
1026 1488 1131 1530 suurn
1149 1487 1209 1532 suo
1229 1488 1261 1532 n.
1278 1488 1310 1532 n.

440 1573 536 1633 Adde
557 1570 666 1633 Ekbel
690 1573 856 1635 Doctrina
879 1577 982 1636 Num.
999 1575 1096 1635 Tom.
1111 1573 1151 1637 V.
1171 1595 1206 1656 p.
1224 1589 1293 1652 a9p
1313 1573 1374 1636 ubi
1392 1576 1435 1636 de
1460 1573 1639 1636 notissimo
1661 1589 1763 1633 num·

362 1673 411 1736 mi
436 1674 660 1758 inscriptione
684 1673 867 1740 Salustius
888 1684 1002 1740 autor
1030 1675 1155 1761 agitur.
1173 1677 1307 1740 Fabric.
1331 1677 1420 1752 Biht.
1439 1677 1562 1740 Latina
1584 1677 1703 1758 Suppl.
1725 1695 1762 1756 p.

366 1779 432 1855 178.
461 1777 657 1860 spanheim.
675 1781 717 1842 de
740 1789 908 1861 praestant.
925 1790 959 1843 et
978 1801 1041 1842 usu
1060 1784 1158 1842 Num.
1174 1803 1208 1863 p.
1228 1797 1299 1860 ²99·
1337 1781 1404 1842 Sed
1419 1780 1643 1864 nclongiores
1656 1778 1762 1842 simus

365 1879 401 1940 in
435 1881 646 1944 excutiendis
675 1882 983 1969 inscriptionibus,
1015 1884 1141 1965 quibus
1169 1886 1295 1947 multos
1328 1882 1477 1946 nimium
1500 1885 1658 1946 tribuisse
1683 1881 1764 1946 satis

365 1995 509 2069 constat,
530 1988 596 2049 hoc
611 1987 761 2069 primunr
781 1991 1003 2072 monendum,
1025 1988 1063 2050 in
1088 1989 1227 2072 optimis
1246 1988 1349 2073 meis,
1369 1987 1479 2052 Cortii
1498 1996 1531 2052 et
1554 1986 1692 2050 Gruteri
1706 2007 1765 2050 eo-

368 2089 517 2173 dieibus,
539 2111 663 2154 nomen
680 2092 819 2155 Salustii
841 2114 911 2157 uno
928 2092 943 2155 1
955 2093 1119 2178 scripturn
1141 2113 1222 2159 esse.
1253 2093 1418 2156 Dissentit
1440 2113 1528 2155 unus
1542 2093 1725 2157 Vaticanus
1736 2111 1768 2154 a.

368 2195 428 2274 qui
456 2195 544 2257 solas
562 2198 733 2261 orationes
753 2207 787 2260 et
804 2199 964 2281 epistolas
987 2199 1158 2278 continct3
1178 2202 1236 2263 sed
1261 2197 1398 2282 titulus,
1417 2207 1455 2260 ut
1477 2217 1579 2280 supra
1597 2215 1768 2261 memora-

369 2308 461 2379 tum,
480 2318 501 2358 a
522 2320 624 2361 manu
644 2303 792 2364 secunda
812 2313 845 2363 ct
863 2304 972 2367 multo
992 2305 1181 2368 recentiore
1201 2305 1391 2386 adscriptus
1416 2311 1475 2368 est.
1503 2303 1554 2363 lta
1567 2302 1671 2362 etiam
1685 2302 1767 2367 Cod.

371 2402 569 2468 uasiteensis
591 2407 726 2468 Horatii
745 2407 977 2488 perantiquus.
1008 2409 1022 2490 (
1034 2409 1100 2469 Od.
1117 2425 1155 2491 a,
1173 2424 1201 2468 a.
1221 2419 1254 2470 ct
1273 2406 1375 2474 Satis.
1403 2426 1430 2470 r.
1459 2421 1487 2467 a.
1512 2404 1586 2486 42.)
1616 2405 1769 2464 Eandem

370 2507 572 2590 scripturam
592 2509 756 2569 Kreblius
785 2509 824 2570 in
846 2510 999 2571 editione
1025 2511 1192 2572 Prisciani
1213 2511 1467 2592 exprimendam
1492 2508 1636 2591 curavit,
1659 2503 1773 2588 neque

371 2611 511 2693 dubito,
532 2617 660 2672 eeteros
680 2609 836 2672 Codd.in
857 2611 982 2691 quibus
1001 2612 1142 2674 Salustii
1171 2631 1298 2674 nornen
1320 2613 1485 2694 occurrit,
1506 2633 1584 2674 curn
1605 2611 1665 2695 iis,
1684 2629 1772 2692 quos

371 2715 601 2798 laudavimus,
622 2715 824 2778 consentire.
859 2715 1032 2778 Accedunt
1053 2717 1233 2801 scriptores
1253 2718 1295 2778 de
1318 2715 1530 2800 Regionibus
1547 2715 1772 2778 urbisliomae

370 2821 488 2882 Sextus
499 2819 608 2882 Rufus
626 2828 659 2881 ct
675 2820 818 2882 Publius
836 2819 957 2885 Victor
978 2819 1055 2905 (clr
1068 2821 1196 2884 Graevii
1208 2821 1307 2884 Thes.
1328 2821 1405 2884 Vol.
1420 2819 1503 2902 lli.)
1522 2819 1584 2900 qui
1595 2819 1632 2880 in
1646 2817 1773 2903 Regio-

372 2945 415 2988 ne
430 2925 486 3017 Vl.
508 2926 601 2990 Alta
614 2921 750 2990 Semita
764 2929 891 2989 Forum
907 2924 1070 2990 Salustii.
1097 2928 1282 3007 Templum
1308 2925 1347 2988 V
1343 2921 1459 2988 eneris
1479 2921 1517 2986 in
1540 2923 1698 2987 hortulis
1713 2929 1773 2986 Sa-

299 3087 300 3094 ,
371 3026 542 3093 lustiauis
559 3032 751 3110 nominant,
768 3035 860 3116 apud
877 3032 1049 3099 Victorem
1067 3041 1229 3115 praterea
1259 3028 1438 3107 sejunctim
1466 3025 1588 3091 Horti
1599 3022 1776 3089 Salustiu-

373 3131 416 3196 ai
436 3144 756 3196 commemorantur.
786 3138 912 3198 Eadem
937 3135 1110 3197 scribendi
1138 3134 1227 3194 ratio
1251 3143 1300 3195 est
1326 3133 1364 3194 in
1381 3128 1635 3212 Descriptiones
1668 3126 1778 3194 Urbis

273 3317 279 3328 .
373 3239 523 3320 Romae,
543 3257 646 3317 quam
672 3236 862 3318 imperante
887 3237 1045 3308 Honorio
1074 3245 1132 3296 aut
1154 3235 1397 3298 Valentiniano
1427 3236 1528 3297 tertio
1555 3234 1778 3317 compositam
1800 3227 1805 3236 ’

376 3362 445 3405 esse
459 3342 591 3419 judicat
612 3340 779 3404 Muratori
805 3350 837 3404 et
855 3339 965 3404 edidit
984 3339 1164 3422 Philippus
1182 3337 1299 3401 Labbe
1324 3339 1411 3399 1651.
1432 3339 1497 3402 Sed
1520 3339 1557 3398 in
1579 3339 1697 3402 codice
1711 3340 1779 3404 Va-

376 3440 489 3509 'ticano
512 3466 614 3526 quem
642 3445 808 3507 Muratori
828 3445 974 3508 contulit
999 3445 1023 3506 l.
1042 3444 1253 3526 duplicatum
1279 3451 1350 3504 est:
1371 3444 1517 3506 Hortos
1534 3439 1779 3506 Sallustianos

378 3547 435 3612 clr.
446 3553 658 3612 Thesaurum
671 3548 775 3610 inseri
779 3557 840 3630 ptt.
862 3547 939 3613 Vol.
952 3567 997 3611 av.
1018 3548 1378 3610 Mttcxxvntmodd.
1391 3547 1661 3609 Salustianorum
1676 3545 1780 3632 scrip·

380 3665 492 3717 turam
510 3655 659 3734 denique
681 3653 899 3736 confirmant,
920 3651 1100 3734 scriptores
1119 3649 1228 3714 Gracci
1248 3671 1365 3714 omnes
1386 3655 1430 3713 ad
1448 3673 1572 3734 unum,
1588 3650 1780 3733 Appianus,

380 3759 592 3840 Plutarchus,
604 3757 672 3819 Dio
680 3758 827 3840 Cassius,
839 3759 1030 3841 Stephanus
1038 3755 1250 3839 Byrantinua
1259 3756 1388 3818 Suidas.
1402 3759 1487 3818 Nam
1496 3775 1598 3837 quem
1606 3753 1781 3816 Fabricius

378 3861 498 3924 laudat
525 3862 565 3923 in
592 3862 764 3943 Excerptis
790 3861 1030 3945 Peirescianis,
1057 3885 1091 3945 p.
1114 3865 1185 3941 393.
1204 3861 1378 3922 lohannes
1404 3861 1657 3940 Antiochenus,
1677 3856 1781 3922 fidem

379 3975 568 4031 ceterorum
593 3987 664 4030 nen
685 3965 874 4043 imminuit,
895 3965 989 4028 locus
1010 3963 1104 4037 enim
1121 3983 1193 4026 non
1211 3963 1292 4026 satis
1311 3973 1465 4026 accurate
1479 3963 1615 4024 videtur
1636 3978 1706 4023 esse
1721 3961 1782 4022 de·

379 4071 531 4155 scriptus.
552 4107 594 4124 -
627 4070 739 4136 Verba
757 4071 835 4132 haec·
853 4077 950 4132 sunl:
980 4059 1039 4138 aui
1074 4051 1300 4145 Σαλλοιῖστιος
1336 4061 1523 4158 iluuaiac
1558 4051 1783 4157 compellitis

376 4164 445 4272 ἔφη
481 4178 598 4262 καλοῖς
630 4169 727 4254 arisit
752 4177 772 4268 (
784 4169 836 4253 rit
860 4175 1029 4272 Σύλλαν)
1059 4166 1283 4274 ἐγχειρήματι-ι
1320 4164 1477 4252 adularer
1501 4167 1724 4286 latusculum
1743 4165 1782 4250 ri
