4108 4976
1599 355 1680 490 329¹

277 503 289 536 Ι

267 591 297 658 5.
318 587 440 672 placet.
454 599 659 669 percussor.
682 579 774 644 Med.
786 590 816 656 4.
837 581 921 648 Ven·
929 590 959 656 4.
981 575 1156 645 occurrit.
1177 581 1280 646 multi
1293 601 1334 648 ex
1344 581 1555 650 melioribus.
1577 587 1668 656 Med.
1694 665 1696 670 ,

266 697 297 758 5.
310 696 341 757 8.
355 714 388 774 9.
407 693 492 757 Veri.
515 709 543 754 2.
558 704 589 765 4.
610 689 686 756 Vat.
704 707 731 750 2.
748 689 779 748 3.
795 699 826 761 4.
845 686 873 747 5.
894 685 980 748 Min.
995 703 1024 750 2.
1046 692 1079 750 25
1100 703 1141 750 22
1161 684 1333 770 firmatur,
1349 693 1446 770 quod
1464 711 1536 756 non
1556 693 1674 756 solum'

264 802 311 864 od
329 796 577 879 remaliquam
596 790 866 878 prohibendam,
897 794 958 856 sed
984 790 1087 856 etiam
1112 794 1159 854 ad
1186 810 1263 856 eam
1285 791 1474 870 jurandam
1504 796 1670 863 occurri-

265 925 355 970 mus.
376 899 499 986 erupit
518 901 613 964 Eich.
634 901 735 962 Taur.
958 965 961 970 ,
1785 983 1787 992 Ι

269 1046 274 1055 κ
346 1011 425 1092 Cap.
450 1009 518 1069 011.
542 1005 614 1070 duo
636 995 946 1090 quamfdiseimo.
975 1001 1059 1068 Ven·
1078 1024 1104 1068 ι.
1136 1000 1260 1065 sedin
1289 1000 1359 1069 fine
1387 1005 1572 1070 verborum
1591 1029 1610 1072 s
1630 1009 1670 1073 in
1706 1007 1707 1015 ’

264 1114 391 1190 multis
403 1111 504 1176 libris
524 1112 668 1175 deletur.
695 1110 744 1174 ita
763 1109 868 1174 etiam
887 1106 979 1170 infra
999 1103 1119 1172 amico
1140 1127 1250 1189 quam
1270 1128 1382 1174 servo.
1403 1113 1479 1175 Vat.
1494 1116 1523 1174 5.
1545 1114 1588 1175 de
1600 1134 1669 1179 euo

265 1229 310 1284 et.
332 1237 451 1284 omnes
479 1217 551 1283 fere
580 1213 674 1279 libri.
692 1234 760 1279 suo
784 1209 926 1298 populi.
953 1215 1044 1279 Med.
1061 1234 1091 1292 7.
1115 1233 1160 1274 ιο.
1191 1214 1291 1296 quod
1316 1211 1510 1302 ingenium.
1538 1219 1622 1284 Ven.
1639 1243 1666 1281 ι.

171 1351 183 1362 ·
264 1327 366 1388 Τ222.
385 1325 480 1387 Eich.
501 1324 590 1386 Flor.
605 1335 654 1396 24.
685 1314 806 1408 ingen.
835 1336 908 1400 quo
927 1319 1060 1382 advers.
1089 1318 1243 1398 Flor.19.
1265 1315 1324 1381 uti
1343 1328 1377 1382 et
1396 1341 1467 1402 quo
1489 1340 1556 1384 om.
1577 1324 1667 1386 Flor.
1748 1359 1754 1379 .

266 1451 315 1491 ιι.
330 1433 379 1492 26.
396 1447 445 1509 27.
460 1434 509 1494 lo.
528 1428 588 1491 sed
608 1431 676 1488 aut
694 1425 790 1504 quod
799 1431 1023 1507 praecesserat,
1046 1431 1079 1486 et
1099 1425 1194 1504 quod
1209 1423 1351 1488 insolito
1371 1425 1449 1488 loco
1470 1425 1531 1489 uti
1548 1435 1668 1513 estpo-

262 1523 378 1616 litnm,
398 1535 436 1597 id
450 1533 576 1596 multos
587 1529 691 1594 falsos
700 1527 834 1590 habuit.
855 1524 979 1591 leticia
991 1525 1105 1592 nobis.
1118 1528 1318 1594 Taurinens.
1332 1513 1446 1594 nobis.
1465 1551 1533 1595 orn.
1548 1535 1622 1598 Vat.
1636 1553 1666 1601 a.

263 1641 324 1703 sed
343 1637 441 1702 falso.
463 1647 517 1701 eet
536 1636 654 1722 potius
673 1656 752 1700 cum
772 1635 862 1700 Flor.
878 1656 905 1697 1.
927 1635 1123 1698 deleverim.
1147 1655 1263 1714 quom.
1287 1637 1376 1697 Med.
1394 1659 1422 1715 7.
1446 1642 1482 1700 te
1495 1658 1563 1701 om.
1577 1635 1668 1702 Flor.
1779 1651 1785 1660 “

263 1749 313 1808 25.
336 1739 561 1836 aprinczpio
583 1741 720 1804 melius.
742 1742 832 1804 Flor.
851 1759 899 1817 19.
931 1735 1035 1818 inopi
1053 1737 1195 1820 omisso,
1226 1741 1322 1818 quod
1350 1739 1454 1801 ceteri
1475 1751 1669 1809 constanter

262 1847 423 1915 retinent.
445 1845 555 1928 quod,
589 1866 659 1927 quo
679 1842 902 1926 insolentius,
933 1859 975 1906 eo
995 1840 1119 1905 verius.
1140 1840 1163 1903 i.
1186 1860 1214 1904 e.
1228 1840 1302 1918 jam
1324 1860 1345 1902 2
1363 1841 1558 1929 principio,
1589 1869 1668 1914 cum
1707 1921 1710 1932 Ι

219 1964 221 1977 “
261 1971 388 2036 parm
415 1951 487 2030 ejus
514 1970 597 2035 opes
624 1957 744 2014 essent.
772 1950 946 2033 opulento
967 1945 1061 2009 enim
1081 1943 1287 2030 opponitur,
1314 1955 1354 2008 ut
1373 1955 1464 2012 recte
1485 1951 1570 2014 Fest.
1590 1973 1616 2015 s.
1635 1975 1667 2016 v.

147 2099 156 2109 »
261 2057 423 2137 Liv.9.1.
443 2052 541 2120 nihil
558 2077 640 2119 cum
655 2050 869 2139 potentiore
877 2049 982 2142 juris
1001 2048 1156 2116 humani
1172 2047 1397 2134 relinquitur
1423 2049 1536 2136 inopi.
1554 2064 1668 2118 -tu-

263 2157 409 2244 tiaeque
434 2158 523 2226 rati.
543 2164 627 2226 Ven.
641 2177 672 2237 4.
691 2162 768 2225 Vat.
776 2178 806 2227 2.
818 2159 912 2222 Eich.
937 2157 1000 2221 alii
1013 2157 1190 2236 meliores,
1212 2175 1318 2238 quare
1333 2157 1581 2223 restituendum
1595 2180 1668 2226 esse

260 2275 362 2351 puto:
383 2265 594 2348 utiliusque.
620 2265 821 2330 Teurinens.
843 2261 930 2348 quia
944 2264 1092 2346 procul.
1110 2261 1311 2326 Taurinens.
1330 2265 1437 2327 nulla
1453 2273 1583 2330 nostro
1600 2287 1667 2351 op·
1688 2330 1691 2340 ,

249 2366 461 2452 »1222522ιί22
479 2391 549 2434 am.
570 2374 655 2437 Ven.
672 2387 702 2448 4.
736 2371 798 2454 qui
823 2370 1009 2434 verborum
1027 2368 1160 2452 positus
1179 2367 1288 2452 magis
1307 2365 1466 2432 Ciceroni
1485 2390 1588 2450 quam
1609 2371 1667 2434 Sa-

260 2475 366 2538 lustio
387 2477 557 2550 convenit.
579 2473 659 2542 dein
674 2474 772 2559 quia.
791 2479 867 2542 Vnt.
879 2495 910 2544 2.
924 2483 1111 2558 parentes.
1133 2472 1158 2536 i.
1171 2493 1201 2538 e.
1221 2470 1400 2552 subjectos.
1420 2471 1591 2556 cuiquam
1606 2496 1665 2540 aa·

262 2574 320 2641 tia.
341 2582 446 2663 Neup.
455 2596 487 2656 4.
508 2579 686 2666 (omnium
707 2590 741 2645 et
748 2576 834 2670 suit
855 2577 1021 2662 omissis.)
1036 2579 1075 2642 id
1088 2581 1182 2659 quod
1196 2578 1429 2642 durissimum.
1448 2579 1500 2642 ad
1515 2579 1586 2643 lroc
1608 2601 1669 2644 ue-
1742 2562 1745 2570 ¹

262 2703 332 2765 que
352 2693 500 2769 tempus.
520 2686 723 2752 ll'aurinens.
741 2685 972 2768 quaequidem
990 2684 1096 2750 verba
1109 2683 1246 2748 Curtius
1267 2683 1446 2749 temerarie
1466 2683 1575 2768 ejecit.
1596 2683 1667 2750 eci·

262 2785 350 2850 licet
362 2787 557 2872 placuisse.
586 2791 692 2855 etiam
719 2791 833 2854 Italici
852 2790 937 2853 libri
954 2794 1022 2854 hoc
1043 2789 1082 2852 in
1101 2789 1180 2880 loeo
1202 2789 1310 2851 multa
1332 2789 1479 2850 turbant.
1512 2792 1572 2852 sed
1589 2809 1667 2854 eae·

262 2893 342 2955 dem
362 2891 614 2978 discrepantiae,
640 2897 815 2977 quaejam
834 2899 932 2961 Tom.
948 2918 976 2958 ι.
1004 2894 1237 2971 laudavimusa
1270 2895 1431 2958 meliores
1453 2901 1567 2958 autem
1591 2914 1666 2960 non
1791 2913 1794 2926 ’

262 2992 478 3064 dissentiunt.
507 3002 625 3063 multa
646 3009 873 3085 opportuna,
907 2995 1160 3088 quofacilius.
1180 3003 1265 3065 Ven.
1281 3021 1308 3061 ι.
1330 3008 1440 3064 225222
1456 3019 1502 3063 m.
1516 3020 1581 3064 sec.
1601 3004 1663 3064 ed-

263 3102 363 3166 didit.
385 3101 540 3167 demitte.
563 3107 653 3169 Med.
668 3107 697 3168 5.
716 3108 801 3170 Ven.
816 3127 844 3166 a.
863 3108 936 3170 Vat.
952 3125 982 3168 2.
1003 3105 1124 3188 probo.
1146 3099 1278 3168 victum
1300 3123 1383 3166 esre.
1404 3123 1474 3168 esse
1484 3105 1557 3167 om.
1577 3107 1663 3169 Ven.

261 3222 293 3283 4.
312 3210 412 3270 Τ222.
433 3211 555 3292 probo.
575 3212 670 3274 unde
690 3208 724 3274 vi
740 3213 831 3300 Jug.
853 3213 1054 3295 expulerat.
1076 3205 1111 3274 ei
1129 3230 1197 3273 om.
1217 3210 1309 3272 Med.
1322 3230 1349 3271 1.
1364 3230 1393 3288 7.
1415 3205 1661 3290 expulitven.

262 3331 292 3374 2.
319 3315 410 3377 Med.
425 3319 455 3376 5.
481 3317 684 3397 expulerat.
710 3317 800 3385 Flor.
824 3320 871 3380 ι5.
893 3334 943 3380 2ι.
966 3319 1016 3380 25.
1028 3320 1078 3379 ³0.
1108 3317 1199 3380 Med.
1217 3339 1243 3379 1.
1258 3337 1285 3378 2.
1299 3330 1327 3390 4.
1342 3317 1370 3376 8.
1388 3333 1436 3409 ιι.
1453 3334 1501 3376 ιο.
1531 3317 1615 3379 Ven.
1630 3332 1660 3392 4.

261 3419 337 3482 vat.
354 3440 382 3485 1.
403 3421 494 3483 Flor.
509 3441 555 3482 ιι.
577 3420 665 3484 Min.
678 3442 705 3482 2.
721 3438 750 3487 2.
770 3423 864 3486 unde
882 3424 976 3510 Jug.
989 3443 1027 3506 p.
1047 3443 1077 3484 r.
1099 3422 1300 3503 expulerat.
1327 3420 1419 3484 Flor.
1432 3435 1461 3481 2.
1480 3419 1663 3508 Jugurtlr.

261 3521 411 3588 Mariae
431 3535 492 3588 etc.
514 3527 604 3589 Med.
617 3542 648 3602 4.
664 3527 691 3592 8.
708 3548 753 3593 ιι.
774 3530 850 3593 Vat.
865 3548 892 3590 ι.
907 3527 980 3606 jam
1002 3529 1193 3609 expulerat
1213 3525 1354 3606 quidem
1372 3532 1464 3589 recte
1478 3524 1584 3588 scribi
1597 3533 1663 3589 sta·
1693 3561 1694 3566 ι

162 3699 165 3705 Δ
261 3633 332 3712 tuo,
351 3633 412 3694 sed
432 3634 477 3693 ad
493 3651 595 3712 quem
616 3635 684 3696 hoc
701 3633 901 3717 pertineret,
920 3633 1111 3696 accuratius
1131 3631 1390 3714 exprimendum
1412 3639 1493 3693 erat.
1514 3626 1664 3694 Marius

261 3733 369 3818 igitur
392 3736 623 3814 adjiciendum
647 3748 706 3800 est.
735 3741 830 3820 quod
854 3739 996 3819 quidem
1023 3757 1149 3800 nomen
1174 3745 1232 3798 aut
1262 3735 1300 3797 in
1327 3733 1361 3799 vi
1378 3735 1475 3816 latet,
1505 3737 1599 3815 quod
1619 3734 1660 3798 in

262 3839 412 3920 antiquis
430 3840 530 3906 libris
550 3863 585 3903 ru
603 3839 781 3927 scribitur,
800 3853 859 3906 225
871 3854 949 3927 post
963 3845 1167 3927 iugurtham
1179 3841 1378 3923 ponendum
1392 3847 1457 3922 est,
1473 3826 1539 3902 ubi
1552 3861 1660 3926 prop·

262 3951 314 4008 ter
342 3965 396 4028 m,
430 3949 524 4026 quod
549 3946 737 4030 precessit,
775 3947 986 4032 negligentia
1023 3946 1247 4008 librariorum
1282 3942 1395 4006 omitti
1420 3945 1543 4026 potuit.
1579 3965 1658 4009 nam

261 4050 352 4113 Flor.
366 4066 415 4128 29.
441 4051 625 4115 lectionem
650 4053 745 4115 unde
769 4054 985 4133 expulerant
1012 4046 1045 4112 ri
1062 4047 1295 4138 Jugurttam
1322 4048 1438 4112 minus
1453 4060 1568 4133 aptam
1588 4069 1660 4114 esse

258 4155 387 4234 judico.
408 4164 487 4217 sunt
502 4156 563 4243 qni
577 4157 644 4219 hoc
663 4161 706 4220 ad
725 4157 836 4241 ipsum
847 4157 1017 4218 Bocchum
1038 4154 1200 4237 referant,
1222 4162 1255 4216 et
1273 4155 1341 4217 hoc
1356 4154 1576 4218 antebellum
1586 4157 1659 4218 Ro-

262 4277 402 4324 manum
418 4259 545 4322 factum
564 4279 635 4326 2222
650 4271 811 4325 25252225.
832 4260 892 4326 cfr.
912 4259 1062 4326 Periaon.
1081 4259 1239 4324 Animad.
1261 4261 1349 4325 Hist.
1368 4281 1398 4328 c.
1410 4276 1439 4336 4
1460 4281 1576 4344 p.171.
1598 4261 1659 4326 Ed.

1205 4374 1256 4468 ‚37
1331 4403 1335 4412 ·
