4108 4976
1600 410 1681 512 295

276 610 353 666 tura
372 601 578 668 inusitatior.
598 599 659 666 cir.
673 601 747 664 Cic.
767 621 831 685 pro
852 601 962 665 Rabir
981 605 1070 667 Post.
1085 618 1133 679 24.
1152 601 1371 670 subinvisum
1382 606 1683 689 apudmaleuolos

273 705 474 774 Parthumi
490 727 633 773 nomen.
663 727 728 792 pro
754 707 904 771 ablativo
933 729 1010 772 eum
1036 727 1178 793 praepos.
1206 704 1245 773 in
1275 709 1398 794 saepius
1426 713 1517 794 apud
1538 711 1683 776 seriores

274 813 427 896 ponitur.
447 815 525 876 Tac.
548 814 679 876 Ann.3.
697 831 745 876 22.
773 811 941 899 Adjutor
965 809 1184 878 Germanico
1208 814 1333 898 datus,
1362 815 1469 880 rebus
1489 816 1590 899 apud
1606 812 1683 883 ori-

274 924 392 982 entem
413 907 727 982 administrandis.
755 926 788 982 et
806 919 942 984 Terent.
965 919 1096 982 Andria
1110 935 1141 980 2.
1162 938 1188 984 2.
1208 941 1234 980 a.
1268 919 1371 1000 apud
1376 915 1511 1009 sorum
1533 921 1641 986 modo
1663 941 1682 985 e

273 1025 380 1088 Dauo
403 1019 538 1088 audiui.
551 1063 586 1078 -
599 1023 649 1086 ad
669 1025 809 1088 coelum
820 1019 917 1110 sert.
938 1024 1024 1086 Min.
1038 1041 1068 1094 2.
1080 1019 1228 1110 ferunt.
1244 1064 1278 1076 -
1295 1025 1517 1088 detractant.
1540 1024 1603 1088 alii
1625 1027 1682 1090 de-

141 1151 194 1178 ·1
274 1133 449 1197 trectant.
467 1131 529 1192 sed
549 1118 811 1210 quibuscunque
831 1126 919 1192 locis
939 1127 1106 1213 occurrit,
1125 1129 1230 1193 lectio
1250 1130 1376 1214 variat,
1397 1130 1445 1193 ita
1464 1139 1502 1193 ut
1521 1130 1683 1194 12222112-
1788 1131 1810 1204 ,’

273 1234 340 1298 2112
361 1237 406 1298 ad
426 1234 600 1316 liquidum
619 1232 836 1319 perduxeris,
856 1243 932 1297 utra
951 1233 1056 1299 lectio
1078 1235 1121 1299 sit
1141 1234 1362 1319 praeferenda.
1382 1235 1445 1298 cfr.
1466 1237 1621 1300 Cortium
1642 1237 1680 1298 in

271 1337 470 1404 Dissertat.
498 1342 542 1402 11.
571 1340 616 1404 de
639 1361 708 1402 usu
738 1339 965 1428 Ortograph.
990 1341 1076 1406 Lat.
1098 1361 1125 1403 c.
1140 1342 1200 1404 III.
1220 1340 1249 1425 s
1260 1342 1335 1406 v11.
1354 1345 1414 1406 sed
1435 1363 1512 1405 cum
1533 1351 1567 1405 et
1587 1344 1680 1426 apud

270 1445 406 1508 Festum
427 1445 641 1511 detractant
660 1445 811 1530 legatur,
837 1445 1018 1530 idemque,
1039 1454 1122 1512 teste
1142 1445 1327 1530 Glareano,
1349 1447 1492 1510 21122212
1520 1446 1680 1530 plurimis

270 1547 373 1614 fuerit
395 1553 498 1615 Codd.
519 1552 611 1614 bane
629 1551 814 1616 lectionem
837 1551 981 1616 restitui.
1003 1560 1117 1614 tuetur
1136 1553 1226 1615 hanc
1239 1551 1444 1636 scripturam
1462 1553 1556 1616 vocis
1570 1553 1679 1638 origo,

269 1675 374 1737 quam
395 1658 606 1724 adverbum
627 1658 818 1721 detrahere
837 1655 1011 1740 pertinere
1033 1678 1105 1720 222
1126 1666 1176 1720 221
1195 1656 1351 1720 dubium.

351 1765 433 1846 Cap.
454 1764 540 1828 LIV.
570 1760 782 1844 quatriduo.
809 1764 904 1823 haud
925 1779 1004 1823 raro
1021 1760 1078 1823 vel
1098 1762 1191 1842 apud
1209 1762 1361 1842 optimos
1381 1760 1563 1843 scriptores
1582 1763 1682 1825 abla-

269 1865 359 1930 tivus
385 1867 546 1950 ponitur,
576 1865 638 1928 ubi
668 1863 833 1947 temporis
859 1863 1026 1948 spatium,
1054 1866 1149 1945 quod
1171 1863 1209 1926 in
1230 1885 1267 1928 22
1287 1863 1406 1946 aliqua
1425 1867 1576 1950 gerenda
1596 1886 1680 1930 com

268 1980 418 2034 sumtum
447 1969 567 2054 fuerit,
596 1967 818 2054 significatur.
849 1970 943 2050 quod
968 1968 1062 2034 enim
1092 1968 1298 2032 8222122221
1326 1971 1408 2034 Aen.
1427 1992 1453 2038 2.
1470 1979 1521 2052 47.
1541 1979 1677 2034 monet:

266 2084 340 2151 ,tot
360 2095 471 2142 annos
491 2075 786 2140 continuationem
808 2074 996 2160 significat,
1017 2081 1068 2137 tot
1089 2074 1190 2138 annis
1209 2074 1452 2140 intervallum*
1483 2095 1558 2140 eam
1578 2067 1679 2161 reguss

266 2183 337 2245 lam
356 2164 549 2266 'scriptores
578 2201 650 2246 222
680 2187 877 2245 constanter
904 2187 1104 2261 sequuntur.
1124 2178 1186 2250 212.
1206 2183 1403 2244 Ramshorn
1422 2183 1460 2244 L.
1475 2182 1540 2249 „Gn
1560 2180 1590 2265 ς.
1609 2183 1677 2258 146.

267 2307 302 2352 n.
325 2309 352 2352 2.
373 2309 454 2351 cum
474 2307 567 2351 cura
587 2286 611 2350 1.
632 2305 661 2351 2.
683 2268 880 2371 diligenter.
906 2285 1061 2371 reficere.
1080 2285 1148 2350 hoc
1168 2287 1280 2352 rarius
1300 2288 1344 2350 ad
1359 2283 1569 2370 vulneratos,
1588 2286 1679 2349 mul·

249 2399 301 2474 12
321 2391 445 2478 saepius
472 2395 515 2454 ad
532 2391 770 2457 lassitudinem
791 2390 1145 2478 imbecillitatemque,
1176 2392 1309 2478 magnis
1329 2391 1507 2456 laboribus
1524 2401 1677 2456 contrac-

266 2505 347 2582 tam,
367 2498 525 2564 retertur.
546 2497 697 2564 212022.
715 2500 752 2562 11.
773 2499 813 2560 G.
827 2517 856 2577 7.
870 2500 922 2570 32.
941 2497 991 2560 id.
1010 2499 1040 2562 8.
1054 2518 1082 2560 2.
1102 2517 1167 2582 pro
1188 2497 1367 2564 sanitatem
1388 2497 1568 2564 restituere
1580 2497 1677 2586 dixit.
1707 2523 1709 2528 ·

265 2602 335 2667 (112.
358 2605 442 2686 Epp.
458 2603 613 2684 Δ11.7.3.
634 2598 798 2668 ¹Tironis
825 2597 1012 2689 reficiendi
1035 2624 1115 2687 spes
1134 2613 1198 2668 est.
1227 2605 1346 2672 Senec.
1367 2606 1428 2687 Ep.
1445 2623 1476 2684 7.
1498 2625 1544 2668 ee
1563 2595 1690 2692 longa'

263 2707 392 2774 morbo
412 2705 1088 2797 refici.-univerros-Iaudat-agit
1105 2707 1262 2799 gratias.
1284 2717 1367 2774 nota
1385 2717 1563 2774 structura·
1582 2710 1678 2774 inso-

263 2811 428 2897 lentiam,
453 2818 548 2894 quod
568 2819 716 2898 Zeugma
736 2814 865 2878 dicu'nt.
888 2813 948 2877 cfr.
975 2817 1045 2877 Cat.
1060 2816 1099 2889 411
1118 2822 1151 2877 21
1170 2818 1216 2878 52.
1236 2814 1296 2877 fin.
1317 2810 1461 2877 imitari
1480 2835 1589 2895 quam
1619 2811 1676 2876 in-

264 2911 381 2980 videre
407 2914 511 2982 bonis
527 2917 723 2981 molebant.
753 2918 822 2984 Cic.
841 2936 906 3000 pro
927 2917 1061 2982 Cluent.
1075 2935 1104 2978 2.
1124 2919 1198 2986 Liv.
1212 2921 1263 2981 ³6.
1276 2923 1328 2980 31.
1351 2919 1515 2981 Ruddim.
1533 2919 1614 2981 lust.
1634 2920 1673 2980 1.

181 3095 187 3121 x
262 3022 301 3083 1.
324 3039 354 3082 2.
374 3023 444 3084 262.
465 3043 499 3084 n.
518 3039 567 3084 22.
589 3022 641 3084 ad
658 3029 790 3086 cetera.
813 3019 1093 3099 conjunctionem
1114 3030 1156 3082 ut
1170 3023 1325 3086 hocloco
1338 3023 1463 3104 optimi
1474 3021 1558 3085 libri
1570 3021 1674 3087 omit-

265 3133 353 3192 tunt.
377 3147 471 3209 quae
489 3121 579 3190 levia
599 3123 697 3188 aunt.
719 3127 814 3206 quod
834 3123 956 3208 saepius
978 3124 1224 3209 estmonitum,
1243 3126 1429 3189 Salustium
1444 3127 1597 3204 orationi
1611 3128 1674 3191 ob-

262 3231 385 3315 lique,
414 3230 654 3316 22222211211222,
683 3229 864 3294 indicativi
890 3229 986 3294 modi
1008 3238 1163 3313 tempora
1182 3231 1422 3318 interponere,
1455 3231 1674 3315 isloquendi

262 3357 344 3402 assus
363 3337 419 3404 vel
441 3341 508 3402 hoc
528 3337 606 3402 loco
619 3337 852 3402 confirmatur.
874 3337 1068 3400 Graecorum
1080 3337 1229 3434 vestigia
1236 3337 1274 3400 in
1288 3340 1352 3402 hac
1365 3359 1401 3403 re
1412 3339 1552 3402 latinos
1565 3336 1673 3422 scrip·

263 3452 355 3508 tores
375 3463 447 3508 esse
468 3453 617 3527 secutos,
647 3443 728 3506 satis
748 3451 889 3508 constat.
919 3441 979 3505 cfr.
999 3444 1107 3504 Math.
1123 3443 1182 3506 Gr.
1198 3443 1238 3506 G.
1257 3442 1286 3526 ς.
1302 3447 1371 3524 ⁵⁰7·
1389 3465 1462 3509 rem
1484 3443 1672 3509 illustrarit

125 3571 133 3578 ·
263 3548 1005 3635 11222222.22111222.(12.1..22.2.922227.
1027 3545 1190 3612 animum
1208 3556 1355 3637 gerant.
1380 3537 1492 3616 211222
1505 3549 1672 3634 12222212-

262 3675 341 3720 eum
363 3663 422 3720 est.
449 3654 509 3720 eir.
539 3657 626 3722 Eun.
650 3657 744 3738 apud
774 3653 845 3717 Cic.
866 3655 909 3716 de
931 3647 999 3716 Off.
1014 3673 1041 3716 2.
1058 3654 1106 3714 211.
1126 3653 1189 3735 qui
1210 3655 1337 3738 etipse
1358 3655 1520 3720 animum
1541 3651 1670 3718 mulie-

262 3760 360 3826 brem
378 3781 506 3849 gerere
518 3759 613 3824 dicit.
632 3760 714 3826 ride
730 3758 822 3824 inira
833 3759 901 3823 Sal.
915 3760 993 3844 lug.
1009 3777 1079 3840 227.
1099 3767 1327 3841 opportunos
1342 3760 1366 3824 i.
1377 3781 1407 3824 e.
1426 3763 1469 3823 ad
1487 3762 1575 3822 banc
1594 3775 1669 3824 rem

260 3869 490 3954 peragendam
501 3866 657 3935 idoneos.
678 3867 782 3931 etiam
796 3866 888 3948 apud
899 3864 1036 3927 Livium
1046 3866 1119 3927 haec
1135 3883 1203 3928 vox
1221 3864 1321 3927 nullo
1337 3883 1415 3927 casu
1431 3863 1551 3928 addito
1568 3883 1670 3928 usur-
1782 3875 1787 3884 ·

212 3961 219 3968 “
260 3981 370 4054 patur.
392 3970 537 4040 cir.Liv.
554 3993 582 4036 2.
596 3973 645 4048 54.
678 3971 773 4036 atior
798 3990 867 4034 sua
887 3965 985 4051 ipsos
1005 3962 1141 4032 invidia
1162 3976 1389 4052 opportunos
1401 3964 1597 4037 interemit.
1618 3969 1665 4032 id.

260 4095 291 4154 7.
305 4079 353 4138 23.
368 4078 560 4158 perculsos
575 4096 716 4160 pauore
728 4081 833 4159 rata,
852 4071 1273 4157 simulopportaniores,
1295 4075 1396 4156 qaod
1406 4071 1543 4140 intenti
1554 4093 1663 4156 quam

260 4176 419 4244 maxime
438 4176 542 4264 operi
560 4189 740 4245 essent.-
757 4180 915 4245 hebetem
944 4176 969 4246 i.
986 4197 1015 4246 e.
1033 4169 1207 4262 ignavum.
1228 4179 1306 4246 Tac.
1327 4179 1415 4242 Hist.
1434 4197 1464 4240 2.
1477 4199 1527 4258 99.
1550 4195 1666 4260 quan·

260 4291 338 4358 tum
359 4283 462 4350 tetes
481 4285 533 4350 ad
548 4281 798 4352 sustinendum
817 4285 979 4350 laborem
1000 4280 1119 4368 miles,
1137 4290 1246 4349 tanto
1267 4284 1320 4349 ad
1326 4280 1530 4348 discordias
1535 4302 1668 4370 prom·
