4108 4976
1599 398 1670 493 273

161 631 174 637 —
267 589 475 674 explendum
494 587 624 675 scripti.
653 589 740 655 socii
766 599 848 678 sunt
867 590 1020 658 civitates
1045 591 1083 657 in
1110 591 1228 676 Italia,
1258 591 1386 658 ioedere
1407 611 1485 658 cum
1505 593 1672 661 Romanis

262 694 400 773 junctae.
419 715 550 760 nomen
570 690 759 760 Latinum.
779 696 829 758 ita
849 696 1034 781 saepissime
1052 695 1169 760 latini
1191 696 1362 763 dicuntur.
1383 698 1431 760 ita
1452 717 1580 761 nomen
1599 699 1673 762 Ro-

197 851 198 854 .
266 819 418 875 manum,
436 799 610 882 Volscum,
631 797 822 882 Caeninum,
841 802 1036 880 Etruscum3
1057 802 1220 865 dicuntur
1228 802 1329 865 etiam
1340 801 1425 865 socii
1435 803 1548 866 Latini
1559 802 1672 866 nomi-

267 905 337 984 nis3
358 903 546 967 dictionem
566 923 607 968 ex
626 904 745 967 Graeco
765 923 955 989 expressam
975 915 1138 970 statuunt.
1152 882 1319 971 omnibus
1327 902 1524 996 festinare.
1545 906 1672 972 omisso

266 1007 393 1074 modis.
414 1010 505 1072 Med.
521 1029 569 1072 ιο.
588 1008 734 1090 pluralis
753 1010 797 1071 ab
818 1009 1073 1096 antiquioribus
1092 1009 1317 1095 scriptoribus
1338 1012 1554 1096 potissimum
1574 1033 1672 1076 usur-

173 1122 182 1128 “
242 1163 245 1168 ,
266 1121 378 1198 patur.
396 1115 532 1176 Terent.
553 1115 678 1196 Hecyr.
692 1127 722 1189 4.
741 1129 771 1189 4.
790 1134 841 1195 79.
870 1111 1038 1178 omnibus
1057 1114 1173 1179 madir
1193 1113 1302 1179 miser·
1322 1137 1412 1182 sum.
1437 1127 1469 1182 et
1489 1137 1518 1181 a.
1533 1123 1561 1180 3.
1577 1139 1606 1198 7.
1620 1117 1673 1202 fi-

267 1213 356 1280 lium
372 1213 498 1281 multis
512 1213 629 1281 modis
638 1215 721 1307 jam
737 1227 916 1302 exspecto.
936 1220 986 1283 ita
1007 1218 1123 1285 modis
1137 1216 1307 1308 indiguis.
1319 1223 1425 1284 Plaut.
1437 1221 1585 1288 Mostell.
1596 1237 1625 1297 4.
1641 1227 1671 1284 3.

265 1325 318 1401 39.
338 1320 455 1388 modis
467 1317 586 1386 malis.
611 1323 749 1386 Baehid.
762 1329 791 1387 3.
803 1327 834 1387 3.
846 1326 897 1387 86.
927 1322 1045 1389 modu
1064 1323 1240 1391 omnibus.
1261 1328 1381 1389 Pseud.
1396 1343 1425 1402 4.
1443 1331 1472 1390 6.
1490 1344 1538 1390 ια.
1556 1321 1672 1391 modis

267 1423 367 1491 veris.
389 1429 462 1492 Cas.
481 1431 511 1494 3.
533 1427 562 1491 6.
583 1442 614 1504 4.
644 1423 841 1512 impeditur
855 1451 964 1494 -ne
984 1429 1065 1494 satis
1085 1439 1226 1515 constat,
1243 1431 1389 1496 verbum
1409 1427 1580 1512 impedire
1601 1449 1670 1518 nan

266 1533 376 1596 solum
400 1552 472 1615 quo
493 1527 624 1617 miuus,
643 1535 703 1597 sed
725 1533 827 1598 etiam
847 1557 894 1600 ue
911 1545 945 1600 et
965 1531 1053 1618 puin
1072 1536 1195 1620 saepius
1214 1537 1322 1618 sequi.
1344 1532 1672 1602 Numidiadedue·

268 1648 344 1705 tur.
356 1639 404 1701 ita
416 1637 540 1721 saepius
559 1637 794 1721 apudLivium
811 1640 982 1706 deducere
1001 1641 1162 1725 presidia
1180 1640 1225 1704 ab
1245 1641 1301 1704 vel
1314 1639 1357 1704 de
1371 1639 1520 1724 oppidis.
1541 1638 1579 1702 iu
1594 1633 1673 1702 ani·

267 1763 327 1808 mo
349 1742 502 1808 ardebat
522 1745 614 1807 Med.
632 1765 662 1824 9.
683 1745 734 1807 Pl.
750 1766 776 1805 ι.
798 1743 1042 1808 animus'ard.
1063 1747 1154 1806 Med.
1173 1765 1201 1806 ι.
1220 1761 1249 1806 a.
1269 1746 1347 1826 6.,8.
1369 1765 1416 1804 ιι.
1439 1747 1523 1808 Ven.
1546 1765 1572 1803 ι.
1594 1762 1623 1805 a.
1642 1761 1673 1818 4.

266 1849 343 1912 Vat.
364 1865 393 1909 a.
404 1853 434 1910 3.
454 1865 484 1925 4.
505 1845 651 1911 animus
670 1845 749 1937 ejus
767 1851 858 1910 Med.
869 1864 899 1923 4.
921 1866 1070 1928 quorum
1091 1848 1261 1910 librorum
1281 1846 1483 1910 auctoritati.
1498 1849 1593 1910 cedo.
1612 1844 1673 1908 ct'r.

266 1954 337 2038 Cat.
356 1952 404 2013 25.
436 1951 559 2016 lubido
584 1948 640 2014 sie
667 1971 832 2016 aceensa.
865 1958 898 2015 et
919 1953 980 2036 Ep.
1001 1953 1046 2015 de
1064 1953 1150 2036 Rep.
1172 1951 1255 2014 Ord.
1277 1974 1302 2012 ι.
1323 1953 1352 2014 8.
1379 1952 1485 2015 ardet
1506 1948 1673 2015 omnibus

265 2055 421 2123 animus.
440 2056 515 2120 Liv.
529 2059 580 2120 38.
595 2060 646 2120 25.
659 2053 873 2122 ardentibus
891 2055 950 2122 ira
969 2052 1114 2120 animis.
1126 2077 1225 2119 -ex
1245 2051 1353 2137 eopia
1371 2076 1495 2119 rerum
1515 2055 1539 2118 i.
1551 2075 1580 2118 e.
1594 2073 1669 2118 cum

264 2163 338 2225 laec
358 2181 471 2240 rerum
493 2163 650 2226 conditio
670 2170 766 2246 esset,
784 2181 849 2246 pro
870 2181 907 2225 re
928 2170 961 2225 et
983 2169 1146 2244 tempore.
1166 2156 1273 2243 copia
1293 2159 1331 2222 in
1351 2163 1416 2223 hac
1436 2158 1589 2224 dictione
1605 2179 1672 2224 vox

264 2265 465 2350 mediaest,
492 2285 561 2348 qua
587 2273 621 2330 et
635 2265 760 2344 tmajor
788 2275 822 2329 et
848 2266 965 2330 minor
983 2263 1125 2330 facultas
1145 2266 1197 2330 rei
1222 2265 1367 2345 alicujus
1386 2268 1588 2350 peragenda
1612 2268 1673 2330 de-

264 2370 429 2455 signatur.
451 2369 511 2434 cfr.
531 2391 603 2455 cap.
622 2371 668 2446 64.
691 2373 742 2452 98.
762 2371 830 2435 cic.
846 2373 931 2457 Epp.
950 2365 980 2446 Α.
1000 2390 1049 2436 12.
1063 2393 1137 2455 pro
1170 2392 1213 2436 ea
1242 2366 1366 2455 eopia,
1396 2393 1490 2453 quae
1514 2365 1673 2436 Athenis

265 2483 364 2559 erat,
378 2471 731 2567 funussaeie'rrdum
753 2474 888 2542 curavi.
908 2479 1001 2541 Curt.
1020 2498 1050 2559 9.
1073 2497 1117 2544 10.
1150 2474 1311 2544 vehicula
1327 2497 1400 2560 pra
1421 2472 1527 2560 copia
1550 2471 1673 2563 cujus-

263 2600 333 2663 que
352 2583 549 2649 adornata.
885 2611 901 2652 ,·
1225 2625 1229 2632 ·

346 2688 426 2772 Cap.
444 2689 512 2751 XL
540 2691 581 2757 G.
603 2684 796 2755 Mamilius
816 2689 1043 2762 Limetanus.
1065 2687 1120 2758 ¹ita
1140 2712 1181 2758 ex
1200 2691 1328 2776 Italicis
1347 2691 1449 2755 libris
1468 2690 1536 2755 soli
1555 2691 1629 2756 Vat.
1643 2708 1672 2752 a.

264 2807 293 2865 t·
316 2793 406 2858 Med.
420 2796 449 2856 5·
472 2802 505 2856 et
527 2793 654 2857 Mina.
675 2795 736 2877 qui
758 2795 1018 2872 C.Mamilliut
1037 2800 1080 2864 L.
1100 2801 1216 2876 habet3
1238 2799 1341 2862 ceteri
1361 2799 1565 2881 plerumque
1586 2795 1673 2858 Ma-

256 2892 398 2958 vmillua.
423 2896 521 2959 illam
548 2897 753 2983 scripturam
780 2919 852 2962 esse
877 2901 1126 2984 praeferendam
1152 2903 1271 2965 docuit
1295 2901 1438 2986 Pighius
1457 2902 1546 2962 Anu.
1561 2899 1620 2960 111.
1639 2919 1673 2980 p.

267 3005 335 3064 123.
355 3000 417 3088 etr.
436 3001 504 3068 Cic.
525 3005 618 3064 Brut.
632 3007 682 3068 33.
691 3007 741 3080 34.
762 3003 822 3066 cfr.
844 3004 979 3066 Gruter.
996 3007 1041 3066 ad
1052 3004 1121 3066 Cic.
1139 3007 1182 3068 de
1198 3006 1355 3072 Or.r.56.
1375 3007 1525 3086 Interpp.
1542 3004 1586 3064 ad
1599 3000 1673 3063 Liv.

264 3122 314 3188 ²7.
332 3107 383 3172 36.
405 3106 493 3168 Gell.
515 3109 543 3168 6.
563 3127 611 3168 ιι.
632 3105 1025 3193 neglegisset.'itaMed.
1045 3129 1071 3168 ι.
1088 3129 1134 3171 ιιι.
1148 3127 1202 3192 pr.
1224 3108 1272 3170 ita
1284 3093 1395 3171 etiam
1415 3107 1673 3170 Aemil.Macer.

261 3212 356 3296 apud
374 3209 534 3278 Diomed.
554 3231 577 3293 p
599 3213 669 3272 366.
697 3212 834 3278 Putsch.
863 3208 1025 3276 omnium
1046 3220 1215 3302 nastrum
1236 3209 1436 3300 neglegerit
1463 3207 1673 3275 auctorita-

264 3316 438 3400 tem—qui
464 3325 554 3380 reete
573 3314 833 3400 animadvertit,
862 3319 978 3397 ..quod
1003 3317 1173 3402 analogiae
1198 3318 1358 3400 propius,
1388 3317 1471 3398 quia
1490 3326 1523 3379 et
1544 3311 1674 3403 legerit

264 3421 445 3484 dicimus.»
458 3421 551 3484 idem
573 3420 767 3504 exemplum
777 3419 881 3485 Prisc.
901 3421 1030 3483 laudat.
1042 3441 1090 3489 10.
1109 3443 1144 3506 p.
1165 3423 1235 3500 895.
1255 3423 1314 3482 Ed.
1332 3424 1466 3484 Putsch.
1487 3423 1580 3484 hunc
1595 3441 1674 3484 auc-

237 3523 242 3530 ’
263 3535 372 3590 torem
391 3527 460 3590 Sal.
479 3536 614 3590 secutus
634 3545 707 3590 esse
726 3525 879 3607 videtur,
896 3534 940 3589 et
964 3525 1048 3588 talia
1060 3526 1186 3609 multa,
1212 3528 1326 3608 credo,
1345 3527 1560 3606 antiquitatis
1572 3525 1675 3590 vesti-

263 3631 321 3716 gia
341 3632 411 3715 jam
430 3633 473 3695 ab
496 3632 649 3714 antiquis
668 3628 902 3716 grammaticis
922 3627 960 3691 in
980 3629 1128 3693 Salustio
1155 3630 1269 3694 deleta
1296 3641 1384 3693 sunt.
1417 3629 1456 3693 in
1477 3629 1674 3718 legationi-

266 3735 340 3799 bus.
363 3737 385 3805 i.
407 3757 436 3802 e.
459 3757 537 3800 eum
557 3736 664 3822 legati
683 3745 803 3802 essent.
826 3743 917 3800 recte
936 3735 1054 3798 laudat
1076 3737 1165 3797 Cart.
1187 3733 1255 3796 Cic.
1277 3737 1361 3817 Epp.
1382 3738 1410 3795 6.
1434 3756 1463 3814 7.
1483 3731 1673 3823 nisisorte

263 3849 332 3906 aut
352 3844 390 3905 r'rr
411 3839 559 3907 mr'seria
579 3837 688 3904 nimis
707 3844 839 3926 stulte,
867 3848 935 3904 aut
957 3839 997 3902 ia
1017 3833 1184 3902 amicitia
1204 3836 1312 3902 nimis
1333 3833 1560 3919 impudenter
1579 3859 1673 3902 onus

263 3942 334 4008 tibi
346 3945 494 4029 impono
514 3947 563 4010 id.
583 3949 613 4010 ὁ.
631 3966 662 4027 9.
683 3966 759 4011 nou
773 3955 886 4029 puto,
906 3940 1115 4026 repudiabis
1135 3938 1343 4007 inhonore.
1365 3941 1446 4006 licet
1466 3942 1570 4007 etiam
1590 3963 1672 4007 con-

263 4048 353 4114 terre
367 4048 538 4116 dictiones
547 4046 585 4114 in
601 4048 784 4135 pueritia,
806 4048 845 4113 ia
867 4057 973 4136 toga,
993 4044 1031 4109 r'a
1053 4042 1182 4130 armis,
1202 4041 1241 4109 ia
1261 4043 1401 4131 afficio,
1422 4045 1460 4110 iu
1481 4043 1567 4112 vitio
1588 4066 1671 4113 esse.

261 4157 481 4235 expertium
493 4149 643 4218 inuidr'a.
667 4153 886 4238 quaeCortius
904 4169 1084 4236 perperam
1102 4151 1355 4234 interpretatur.
1374 4153 1477 4234 “quia
1497 4171 1620 4234 nempe
1633 4150 1673 4212 in

261 4256 307 4328 tis
325 4257 481 4346 partibus
499 4257 696 4327 nobilitatis
712 4269 822 4344 erant,
839 4277 915 4344 que
935 4277 972 4326 se
990 4256 1125 4324 invidia
1144 4264 1402 4322 oneraverunt.»
1420 4258 1481 4322 sed
1494 4263 1617 4339 partes,
1633 4264 1674 4322 ut

1219 4369 1266 4442 30
