4108 4976
404 411 477 488 518
578 509 581 516 ,

398 606 590 674 solemnem
608 595 792 662 verborum
812 588 964 678 positum
983 608 1005 654 a
1024 587 1173 656 adustio
1192 591 1363 655 semotum
1377 584 1494 656 iubae.
1520 583 1661 656 tuentur
1680 593 1806 680 optimi

398 711 484 778 libri
503 713 575 773 Bas.
592 727 619 774 1.
640 707 721 772 Tur.
738 723 766 764 r.
792 701 867 766 Vnt.
885 717 915 764 a.
947 717 1073 762 eorum
1089 693 1368 780 poenitendum.
1386 696 1425 760 in
1445 697 1544 760 Barb.
1560 700 1589 768 3.
1608 717 1805 782 pronomen

400 839 446 882 m.
468 806 751 894 senads‘cripsit.
777 807 838 870 aed
862 805 935 870 haec
960 823 1030 866 una
1048 803 1195 868 varietas
1220 802 1259 870 in
1278 803 1368 866 Itall.
1392 801 1494 868 libris
1509 787 1696 869 invenitur.
1715 802 1805 874 meio

361 919 365 939 “
393 916 576 1009 plurimis.
601 932 796 1002 pronomen
823 931 891 976 orn.
919 910 1037 978 Veto.
1067 916 1208 998 egomet
1237 904 1336 974 meio.
1363 911 1448 974 Ven.
1462 930 1491 974 1.
1512 905 1687 992 plurimis
1704 911 1802 982 meir.
1855 901 1858 906 ’

398 1030 488 1092 Flor.
509 1049 536 1090 1.
552 1025 656 1087 'unde
676 1017 803 1100 aliquis
825 1035 985 1103 pronom.
1010 1015 1158 1078 dubium
1183 1033 1257 1080 esee
1275 1015 1407 1088 enodate
1434 1017 1494 1078 sed
1513 1035 1592 1078 oum
1607 1016 1722 1082 verbis
1741 1018 1801 1084 lte·

336 1165 343 1186 ι
399 1130 558 1198 reditote
576 1125 709 1194 relicto
729 1125 904 1210 eleganter
923 1121 1120 1207 oppositum
1139 1120 1199 1203 ait,
1218 1119 1257 1184 id
1276 1120 1495 1184 retinendum
1516 1137 1588 1185 esee
1607 1123 1707 1196 duco.
1734 1145 1803 1208 pn·

397 1261 481 1304 rum
502 1235 543 1300 id
547 1230 668 1325 focio.
689 1229 891 1295 adverbium
907 1227 1059 1312 positum
1078 1245 1142 1312 pro
1163 1223 1333 1312 genitiv03
1352 1225 1402 1288 ita
1429 1228 1522 1310 apud
1541 1226 1699 1292 Plautum
1712 1231 1801 1296 Pero.

397 1363 427 1409 2.
442 1362 471 1407 n.
490 1360 540 1418 tn.
576 1336 673 1422 nihil
687 1333 800 1426 facio
830 1331 934 1400 scire.
964 1335 1075 1396 Plaut.
1118 1332 1225 1396 Stich.
1240 1353 1270 1395 ι.
1289 1353 1319 1400 r.
1335 1347 1385 1410 42.
1417 1327 1530 1397 aliter
1557 1330 1802 1422 nonfaciuot,

397 1470 507 1534 quom
530 1424 684 1529 aequum
695 1450 913 1524 esd-opus
933 1447 997 1506 eet.
1017 1447 1071 1504 eet
1090 1458 1160 1508 om.
1173 1441 1258 1505 Ven.
1274 1455 1304 1515 4.
1327 1433 1457 1524 quippe
1476 1458 1570 1521 quoe
1590 1436 1802 1508 doctoribus

397 1557 449 1621 od
466 1549 635 1620 virtutem
656 1543 754 1615 uidit
762 1543 1000 1635 profuerunt.
1031 1546 1105 1610 baec
1123 1545 1214 1608 Plut.
1243 1545 1314 1609 vita
1332 1543 1436 1610 Marii
1455 1565 1485 1608 c.
1500 1561 1530 1614 2.
1552 1545 1602 1607 ita
1621 1546 1800 1630 expresaita

396 1660 517 1746 ttiyrier
537 1654 571 1727 di
589 1653 660 1743 μᾶἹι
679 1653 857 1753 γράμμαῖι
869 1647 1178 1742 potueruntne,
1196 1653 1233 1726 ἅς
1252 1653 1366 1736 γελοῖον
1383 1643 1416 1722 it
1437 1649 1611 1750 γράμμαἹα
1629 1651 1800 1737 μανθάνειν

395 1761 434 1838 ὃν
454 1769 482 1836 oi
500 1761 689 1834 Mirtum
703 1757 867 1831 ductivam
883 1755 1001 1856 Hique·
1027 1750 1253 1836 praesidium
1284 1752 1439 1843 agitare.
1475 1761 1549 1823 Vnt.
1568 1776 1598 1820 c.
1626 1765 1709 1821 arte
1738 1779 1799 1823 co·

394 1875 470 1937 lom
492 1872 515 1936 i.
536 1890 565 1934 e.
586 1869 731 1932 habebo.
752 1867 863 1928 Plaut.
891 1862 985 1926 Acin.
1005 1884 1034 1930 1.
1053 1882 1080 1926 ι.
1098 1865 1147 1925 63.
1181 1881 1391 1944 quanquam
1421 1858 1525 1928 illum
1561 1870 1680 1927 mater
1717 1873 1800 1928 orte

395 1985 635 2058 contenteque
655 1971 772 2036 hobel.
794 1991 871 2034 cum
887 1969 1093 2053 plerumque
1114 1966 1233 2030 colere
1258 1965 1443 2051 significet,
1463 1967 1615 2048 aliquem
1632 1989 1712 2030 cum
1729 1978 1800 2031 stu-

395 2083 455 2147 dio
474 2091 507 2146 et
528 2077 744 2145 observantia
763 2074 941 2160 prosequi,
959 2076 1027 2136 hoc
1041 2074 1120 2136 loco
1140 2081 1179 2135 ut
1197 2091 1266 2136 vox
1283 2071 1397 2136 media
1408 2082 1581 2160 usurpata3
1602 2077 1693 2156 quod
1706 2078 1798 2160 apud

395 2199 531 2254 ceteros
543 2186 726 2270 scriptores
738 2203 811 2246 non
824 2179 982 2246 occurrit.
998 2179 1137 2264 procul
1147 2187 1286 2242 errant.
1307 2178 1509 2246 adverbium
1523 2181 1695 2265 additum,
1714 2182 1798 2263 quia

393 2297 428 2358 b.
450 2294 473 2354 1.
494 2293 637 2356 verbum
657 2287 823 2376 primaria
842 2285 1094 2372 significatione
1115 2293 1165 2350 est
1183 2285 1342 2370 positum.
1362 2280 1487 2348 cimilia
1508 2285 1627 2352 dictio:
1645 2285 1798 2351 totovio

393 2399 631 2465 coerratic-
642 2404 679 2460 et
699 2417 745 2461 ec
761 2401 926 2479 parente.
947 2394 1058 2458 Berol.
1072 2410 1100 2454 π.
1122 2413 1168 2455 en
1187 2387 1283 2456 aliie.
1311 2413 1364 2458 cn.
1383 2410 1451 2455 orn.
1470 2391 1581 2456 Berol.
1597 2407 1627 2467 4.
1655 2389 1797 2456 divitio-

393 2527 477 2572 rum
499 2524 583 2570 eece.
614 2523 688 2567 esec
715 2522 783 2570 om.
806 2500 917 2566 Berol.
935 2517 966 2586 4.
994 2500 1085 2563 Med.
1106 2519 1135 2560 1.
1150 2513 1179 2573 4.
1195 2499 1224 2560 3.
1245 2518 1293 2560 ro.
1319 2501 1403 2564 Ven.
1422 2519 1449 2560 1.
1464 2514 1493 2574 4.
1522 2499 1611 2568 Flor.
1629 2521 1656 2562 1.
1675 2500 1797 2583 probo.

393 2611 562 2674 sudorem
583 2615 618 2673 et
637 2605 716 2672 olio
736 2602 843 2674 tolio.
863 2609 984 2673 Vota.
1004 2605 1067 2687 qui
1078 2607 1260 2688 pulverem
1275 2624 1342 2667 om.
1365 2605 1628 2672 dedecorauere.
1650 2603 1708 2668 cir.
1724 2608 1794 2669 Ho-

392 2725 455 2778 rat.
472 2715 538 2778 Od.
553 2733 582 2792 4.
598 2731 627 2792 4.
644 2715 694 2776 36.
717 2713 935 2776 dedecorant
959 2709 1045 2772 berte
1064 2715 1157 2772 nata
1178 2710 1315 2791 cullroe.
1336 2711 1437 2794 Prop.
1452 2715 1482 2772 3.
1499 2730 1548 2774 nr.
1564 2713 1615 2778 3⁵.
1634 2711 1714 2774 Aut
1731 2705 1795 2794 fo-

264 2827 275 2838 '
392 2818 482 2884 ciem
504 2817 608 2902 turpi
626 2818 843 2882 dedecorare
863 2815 956 2878 bove.
976 2813 1039 2878 olii
1060 2813 1297 2878 dehonestare
1316 2814 1446 2878 dieunt.
1475 2815 1638 2884 animum
1659 2815 1796 2881 tabere.

392 2929 477 2992 Ven.
494 2947 523 2987 1.
544 2927 657 2990 Vana.
679 2923 849 2987 habetote
869 2943 930 2986 on.
949 2921 1036 2984 Min.
1046 2937 1075 2983 2.
1096 2922 1170 2986 Vat.
1187 2925 1216 2984 3.
1234 2921 1261 2983 b.
1283 2921 1374 2984 Med.
1384 2923 1413 2985 3.
1432 2923 1517 2988 Ven.
1529 2940 1555 2984 n.
1567 2927 1594 2987 3.
1603 2941 1633 3006 4.
1643 2924 1754 2988 Berol.
1763 2939 1797 3000 4.

267 3021 270 3030 ’
392 3033 431 3095 id
455 3033 548 3115 quod
576 3029 702 3111 aliquis
723 3029 810 3092 truci
822 3027 924 3090 Marii
944 3026 1088 3113 ingenio
1109 3027 1219 3112 magis
1235 3027 1419 3092 convenire
1437 3028 1572 3092 dixerit.
1599 3036 1793 3094 tuterunt.

392 3139 466 3202 Vat.
482 3161 509 3203 ι.
524 3143 552 3200 3.
573 3132 755 3202 exercitus
777 3130 829 3199 ibi
855 3135 1019 3198 locorum
1043 3141 1104 3196 etc.
1126 3142 1180 3196 est
1193 3133 1412 3198 omisachn.
1426 3150 1457 3210 4.
1479 3134 1792 3202 mehercules.Vat.

393 3261 422 3308 a.
440 3262 531 3324 pora
551 3239 637 3331 ejus.
659 3259 815 3325 pronum.
838 3259 905 3302 om.
926 3238 1037 3302 Berol.
1047 3255 1076 3314 4.
1105 3239 1231 3340 vellent
1258 3238 1419 3304 meliores
1438 3239 1523 3302 libri
1549 3211 1791 3304 consentirent.
1848 3219 1852 3230 ¹

392 3341 535 3411 adtrita
556 3352 618 3410 cet.
642 3351 695 3408 'est
717 3365 784 3410 om.
802 3345 912 3410 Berol.
927 3364 955 3404 2.
977 3343 1069 3408 Med.
1081 3357 1110 3417 4.
1131 3345 1215 3409 Ven.
1230 3359 1268 3419 4..
1282 3353 1318 3408 et
1337 3354 1428 3409 recte
1449 3345 1586 3427 quidem
1607 3355 1641 3409 et
1659 3347 1793 3410 hoclo-

392 3469 432 3544 co
461 3458 495 3512 et
519 3448 622 3531 infre,
648 3452 711 3512 ubi
731 3454 816 3516 Ven.
829 3455 859 3513 3.
888 3453 962 3516 Vnt.
980 3451 1010 3511 3.
1036 3448 1120 3511 Min
1136 3465 1164 3511 2.
1194 3447 1324 3531 quibus
1344 3457 1397 3513 eet
1416 3447 1493 3512 mil.
1514 3457 1628 3534 octos,
1648 3451 1791 3534 deletur.

392 3553 464 3618 aul
490 3547 528 3614 in
550 3548 707 3634 praelio.
737 3554 810 3614 Vat.
824 3573 855 3612 a.
877 3549 986 3612 vitam
1016 3548 1213 3636 exigerent.
1232 3555 1316 3615 Ven.
1334 3570 1364 3627 4.
1385 3556 1543 3633 quodest
1559 3554 1790 3640 indicio,jan1

331 3687 335 3698 ¹
390 3657 551 3739 antiquos
571 3651 810 3742 grammaticos
829 3653 895 3716 hoe
916 3669 1031 3715 errore
1051 3653 1171 3717 ductos
1191 3651 1312 3738 fuisse,
1331 3665 1368 3718 ut
1378 3657 1519 3724 Salustii
1539 3661 1730 3728 orationem
1746 3664 1790 3726 ad

282 3827 284 3834 ,
390 3765 499 3828 solam
517 3759 695 3826 brevitatis
713 3779 870 3824 normam
896 3757 1098 3844 exigendam
1124 3777 1195 3824 esee
1214 3768 1385 3842 putarent.

451 3872 608 3932 Ceterum
618 3867 822 3942 haecorotim
840 3874 877 3927 ut
888 3865 1002 3930 verbis
1012 3866 1499 3952 etaententiiaaccterisquam
1508 3871 1654 3936 maxime
1664 3865 1789 3956 differt,

390 3972 1788 4060 italucidentisaimumestdocumentumrabidaeitliuaetjurgioaaefecundiffluae
1821 4025 1827 4038 .

390 4077 517 4164 asperis
537 4076 639 4140 Marii
667 4078 821 4142 moribus
840 4073 1079 4159 atrocitatique
1106 4077 1178 4156 ejus
1203 4077 1338 4162 ingenii
1358 4089 1429 4142 erut
1449 4081 1633 4165 aptissima.
1674 4083 1788 4165 Quare
1860 4129 1864 4142 .

389 4193 479 4248 recte
506 4184 647 4266 quidem
667 4183 756 4246 hanc
776 4181 967 4246 orationem
987 4203 1099 4265 neque
1119 4183 1322 4266 perfectam,
1360 4205 1472 4268 neque
1491 4189 1700 4271 conclusam,
1727 4192 1786 4254 scd

390 4287 505 4370 potius
532 4288 698 4356 incultam
724 4295 827 4369 atque
855 4305 1010 4371 caperem
1037 4289 1172 4362 dixeris.
1222 4289 1340 4356 Sermo
1365 4291 1460 4358 enim
1480 4302 1530 4358 eat
1555 4293 1732 4376 antiquior
1752 4303 1786 4362 et
1851 4375 1854 4384 ³
