4116 4970
1551 445 1678 518 ,η

282 624 347 690 bus
372 622 758 709 impeditoi-Itemm
789 629 922 688 accusat
943 618 1128 689 factionem
1159 611 1395 709 optimatium,
1425 623 1587 700 tanquam
1608 633 1682 681 non

282 729 389 794 fracta
411 730 526 796 tuerit.
554 735 595 795 Et
618 743 712 798 tanto
738 733 970 798 maledicendi
995 735 1119 805 ardore
1140 734 1278 816 flagrat,
1307 735 1348 790 ut
1374 744 1460 808 quos
1488 724 1594 808 paulo
1620 742 1682 784 an·

282 843 317 900 te
343 836 560 923 laudaverit,
591 860 710 904 corum
730 840 848 903 laudes
870 837 944 921 ipse
962 838 1146 901 imminuat
1166 835 1226 898 cfr.
1247 855 1318 918 cap.
1335 835 1382 897 IV
1402 838 1436 894 et
1454 830 1525 913 IX,
1547 837 1580 893 et
1597 843 1684 910 quos

282 950 437 1006 mortuos
465 963 536 1006 esse
555 945 706 1026 dixerat,
726 944 842 1007 ineos
864 951 1027 1024 tanquam
1047 941 1143 1005 vivos
1166 939 1350 1003 maledicta
1364 933 1534 1015 conjiciat.
1571 937 1689 996 Nouos·

284 1044 373 1110 cives
389 1051 555 1112 Caesarem
583 1052 709 1112 addere
732 1047 849 1126 jubet3
886 1049 945 1110 sed
968 1047 1041 1125 jam
1068 1055 1147 1109 ante
1174 1041 1277 1107 multi
1304 1040 1442 1106 civitate
1465 1038 1585 1102 donati
1610 1037 1686 1104 fue·

284 1159 379 1229 rant;
399 1153 553 1236 pecuniae
577 1153 729 1216 studium
749 1153 942 1216 tollendum
959 1159 1092 1229 censet3
1114 1153 1175 1214 sed
1199 1147 1310 1234 priori
1333 1146 1479 1231 epistola
1498 1145 1537 1206 in
1562 1144 1618 1206 his
1640 1144 1686 1206 il·-

283 1255 471 1320 lustrandis
492 1258 631 1342 longior
651 1257 754 1320 etiam
774 1256 906 1322 fuerat.
924 1259 1087 1320 Senatum
1110 1257 1307 1340 augendum
1325 1272 1396 1317 csse
1416 1258 1536 1335 putat,
1556 1251 1616 1314 sed
1632 1248 1687 1310 vi-

284 1361 493 1424 lissimorum
501 1363 683 1427 hominum
694 1383 813 1449 greges
825 1366 1114 1428 Caesarsenatores
1123 1359 1258 1424 fecerat.
1278 1361 1355 1420 lam
1366 1359 1411 1419 ad
1424 1363 1560 1420 senatus
1569 1361 1687 1418 aucto-

285 1467 420 1532 ritatem
441 1470 684 1532 restituendam
706 1470 895 1555 plurimum
917 1469 1032 1534 valere
1053 1465 1087 1530 ei
1109 1485 1309 1552 persuasum
1335 1471 1401 1546 est,
1420 1461 1452 1524 si
1467 1481 1530 1544 per
1546 1460 1689 1522 tabellas

285 1572 462 1636 sententiae
489 1573 671 1639 terrentur.
712 1577 778 1640 Sed
816 1576 906 1662 fugit
927 1573 1115 1658 sapientem
1141 1571 1320 1636 hominem
1346 1563 1562 1653 perversitati
1586 1564 1690 1629 etiam

286 1677 499 1740 adminicula
522 1700 557 1742 se
578 1683 740 1764 praebere.
784 1684 887 1745 Haud
922 1699 1049 1765 paucos
1081 1678 1176 1744 enim
1216 1673 1455 1759 imbecillioris
1491 1670 1691 1738 animiho·

287 1781 398 1846 mines
436 1783 526 1846 nihil
556 1786 696 1849 avitiis
723 1787 875 1870 retinet,
905 1786 973 1848 nisi
992 1805 1098 1869 prava
1123 1785 1280 1866 quaedam
1305 1779 1469 1862 ambitio,
1496 1777 1691 1859 quabonos

234 1963 238 1970 ,
286 1905 322 1950 se
343 1889 465 1952 haberi
484 1891 624 1975 volunt,
651 1891 785 1954 etiamsi
810 1912 880 1954 non
902 1890 981 1954 sint.
1010 1893 1166 1975 Quorum
1190 1908 1296 1972 prava
1322 1883 1470 1950 consilia
1491 1880 1632 1946 silentio
1660 1877 1691 1942 si

288 1993 428 2077 texeris,
449 1994 538 2056 nihil
561 2015 633 2058 non
651 1998 889 2060 audebunt.-
909 1997 976 2058 Sed
1000 1995 1039 2058 in
1057 2017 1098 2060 co
1116 1995 1263 2056 maxime
1288 1976 1441 2053 bominis
1462 1985 1609 2051 stultitia
1629 2002 1692 2044 no-

287 2099 409 2185 tanda,
430 2101 524 2178 quod
551 2102 715 2162 Caesarem
741 2120 893 2163 eversam
917 2099 1112 2162 libertatem
1140 2098 1317 2160 restituere
1342 2094 1452 2172 jubet.
1496 2091 1637 2153 Adeone
1658 2095 1692 2151 ct
1720 2115 1728 2125 ·

290 2201 428 2262 cnsaris
445 2201 578 2285 ingenii
601 2203 760 2286 ignarum
778 2211 812 2266 et
831 2223 944 2266 rerum
966 2203 1184 2284 publicarum
1208 2199 1407 2283 imperitum
1424 2195 1609 2259 Salustium
1628 2211 1693 2275 pu-

180 2315 186 2322 “
288 2304 439 2368 tarenis?
467 2305 606 2367 Accedit
627 2309 765 2368 tandem
785 2306 964 2369 notissima
981 2305 1044 2368 iila
1062 2326 1081 2370 e
1100 2305 1278 2369 Ciceronis
1294 2302 1429 2387 scriptis
1447 2299 1556 2385 petita
1574 2297 1693 2360 dicem

289 2409 326 2472 di
352 2409 476 2494 figura,
496 2431 564 2491 qua
583 2411 695 2496 patria
715 2411 858 2494 supplex
878 2418 914 2474 et
933 2429 1050 2494 preces
1076 2412 1224 2476 fundens
1251 2409 1439 2473 inducitur.
1477 2407 1559 2469 Haec
1574 2402 1694 2467 omnia

289 2513 380 2578 mihi
404 2515 593 2599 reputanti,
622 2519 676 2580 hae
700 2517 852 2600 epistolae
879 2536 926 2580 ne
949 2515 1102 2594 ejusdem
1124 2515 1267 2598 quidem
1286 2515 1453 2598 auctoris,
1482 2512 1611 2574 nedum
1634 2507 1695 2570 Sa-

288 2617 386 2682 lustii
406 2639 476 2684 esse
502 2620 673 2684 ridentur.
705 2621 898 2686 credideris
922 2620 1005 2683 artis
1033 2619 1213 2686 rhetoricae
1233 2619 1425 2703 studiosos,
1451 2617 1513 2700 qui
1532 2612 1694 2678 Salustia-

290 2743 343 2787 nae
371 2725 537 2788 orationis
568 2733 769 2790 ornamenta
795 2733 829 2788 et
858 2725 1107 2790 sententiarum
1135 2725 1270 2788 lumina
1298 2734 1332 2790 et
1357 2723 1544 2788 Salustium
1580 2719 1695 2803 ipsum

291 2828 510 2912 optimatium
540 2830 686 2894 factioni
714 2830 876 2894 infestum
907 2838 941 2894 et
975 2830 1097 2894 Caesari
1126 2831 1275 2893 amicum
1301 2830 1407 2893 fuisse
1437 2833 1695 2912 cognoverant,

290 2934 358 2998 hoc
380 2933 448 2997 sibi
464 2934 704 3018 proposuisse,
729 2943 768 2996 ut
782 2933 1013 2996 Salustianum
1033 2933 1174 2996 dicendi
1192 2953 1300 3019 genus
1319 2933 1375 2997 his
1399 2934 1437 2995 in
1461 2930 1616 3015 epistolis
1637 2949 1695 2992 ex·
1796 2941 1800 2952 ·

291 3037 490 3120 primerent.
522 3042 607 3099 Nam
625 3039 730 3102 totius
756 3036 951 3123 argumenti
967 3039 1224 3119 multarumque
1239 3037 1486 3102 sententiarum
1503 3033 1695 3098 similitudo

291 3141 374 3204 facit
395 3150 432 3204 ut
452 3149 593 3226 putem,
609 3143 752 3220 juvenes
772 3142 833 3223 qui
855 3145 976 3206 eodem
1004 3143 1087 3204 artis
1109 3142 1269 3208 oratoriae
1299 3146 1438 3206 doctore
1467 3139 1521 3204 usi
1540 3138 1695 3220 fuerint,

292 3253 464 3310 certamen
480 3249 654 3327 quoddam
665 3246 800 3331 ingenii
817 3246 1020 3331 instituisse,
1040 3250 1133 3311 unde
1155 3256 1438 3334 cognosceretur,
1457 3255 1534 3310 uter
1558 3246 1637 3328 plus
1657 3243 1696 3307 in

291 3350 348 3414 bis
372 3350 481 3414 literis
501 3350 694 3435 profecerit.
723 3352 835 3436 Quam
854 3351 996 3434 quidem
1016 3353 1220 3418 seutentiam
1243 3353 1388 3440 singulis
1409 3350 1599 3418 accuratius
1617 3367 1695 3416 exa-

294 3455 468 3518 minandis
486 3455 617 3518 firmari
641 3475 740 3540 posse
754 3458 957 3540 putaverim.

374 3561 467 3645 Quid
490 3581 572 3625 vero
592 3563 635 3626 de
655 3563 963 3627 declamationibus
986 3562 1147 3650 sentiam,
1174 3583 1320 3647 quarum
1349 3573 1504 3629 auctores
1523 3559 1643 3626 Cicero
1663 3565 1710 3624 et‘

293 3666 458 3731 Salustius
474 3687 545 3730 esse
557 3668 800 3752 perhibentur,
816 3667 889 3746 jam
899 3687 1002 3752 supra
1014 3669 1132 3753 paucis
1140 3669 1341 3755 significavi.
1368 3669 1698 3733 Salustianamcerte

295 3789 316 3831 a
331 3770 548 3854 Quintiliano
567 3773 754 3858 genuinam
779 3792 849 3836 csse
866 3775 1038 3857 habitam,
1068 3774 1172 3836 iidem
1197 3774 1329 3837 faciunt
1348 3776 1470 3858 verba,
1495 3791 1571 3855 quae
1592 3767 1698 3848 exiis

295 3869 646 3950 lauda'ritcfr.1nstt,
677 3879 817 3941 Rhetor.
839 3893 868 3951 4.
895 3898 921 3936 ι.
943 3878 992 3939 68.
1014 3886 1047 3940 et
1067 3899 1096 3957 9.
1117 3883 1146 3944 3.
1169 3879 1221 3958 89.
1255 3878 1320 3944 Vix
1340 3880 1434 3950 enim
1450 3878 1603 3967 aliquem
1623 3875 1698 3940 fore

295 3981 503 4065 putaverim,
525 3981 586 4063 qui
604 3991 744 4057 statuat,
764 3978 841 4063 quae
857 3983 998 4045 Gesneri
1010 3982 1076 4046 tuit
1099 3984 1235 4068 opinio,
1256 3986 1520 4059 declamatorem
1531 3988 1604 4050 haec
1623 4001 1699 4048 rer-

296 4085 341 4148 ba
363 4103 404 4147 ex
423 4087 572 4170 genuina
583 4087 722 4150 Salustii
746 4086 903 4152 oratione
926 4087 1032 4172 petita
1055 4090 1249 4154 subditiciis
1267 4091 1381 4156 verbis
1399 4091 1639 4172 immiscuisse,
1659 4093 1699 4151 ut

298 4189 462 4266 majorem
477 4193 714 4256 auctoritatem
736 4190 780 4255 iis
796 4193 994 4286 adstrueret.
1026 4196 1145 4276 Neque
1162 4215 1203 4262 eo
1222 4197 1325 4277 hujus
1343 4197 1531 4276 testimonii
1552 4196 1700 4260 auctori·

1267 4329 1291 4407 ὃ
