4116 4970
948 1407 1020 1500 os

281 1631 325 1716 C.
368 1630 695 1716 SALUSTII
740 1629 981 1714 CRISPI
1029 1631 1205 1716 VITA
1248 1629 1336 1715 ET
1366 1628 1679 1718 SCRIPTIS.

655 1821 1304 1876 ψ

359 2069 472 2132 Vitam
492 2087 673 2149 moresque
700 2069 906 2152 scriptorum
936 2058 1135 2134 accuratius'
1153 2068 1348 2134 examinare
1378 2085 1458 2132 cum
1486 2065 1676 2148 antiquitus

277 2168 440 2232 usitatum
459 2171 584 2254 fuerit,
604 2179 720 2233 nostra
738 2173 880 2252 quidem
904 2181 1001 2238 aetate
1020 2174 1259 2257 pervulgatum
1283 2180 1349 2254 est,
1377 2171 1426 2232 ita
1444 2177 1482 2231 ut
1502 2187 1676 2233 commen·

277 2271 383 2336 turios
404 2273 643 2356 grammaticos
662 2274 849 2357 scripturus
865 2275 976 2340 facere
995 2298 1065 2340 non
1086 2276 1212 2360 possit,
1240 2274 1325 2356 quin
1345 2276 1410 2337 hac
1433 2275 1477 2338 de
1503 2291 1540 2336 re
1565 2272 1676 2335 subti-

288 2376 345 2439 ius
362 2377 515 2440 disserat.
555 2379 780 2462 Quantumris
798 2380 892 2443 enim
915 2399 1036 2442 manca
1052 2389 1154 2462 atque
1177 2379 1307 2442 incerta
1326 2379 1413 2463 sint,
1434 2399 1510 2460 quae
1535 2380 1579 2442 de
1597 2375 1675 2461 plu-

274 2479 443 2544 rimorum
461 2481 657 2544 Graecorum
676 2492 779 2564 atque
797 2485 1000 2546 Latinorum
1019 2493 1196 2547 auctorum
1218 2481 1299 2546 vitis
1321 2482 1532 2565 accepimus,
1560 2487 1675 2544 tamen

273 2583 329 2647 vel
345 2602 454 2666 pauca
468 2583 531 2646 iila
548 2585 759 2668 testimonia,
779 2586 965 2670 diligenter
982 2586 1195 2670 examinata,
1214 2587 1259 2648 ad
1280 2583 1459 2648 literarum
1473 2600 1676 2648 monumen·

272 2695 308 2754 ta
325 2687 529 2751 illustranda
549 2688 766 2772 aliquantum
788 2689 876 2752 lucis
900 2683 1076 2754 affundere
1101 2709 1218 2775 posse,
1246 2689 1323 2770 quis
1344 2697 1410 2774 est,
1431 2688 1493 2770 qui
1520 2686 1675 2752 dubitet?

271 2792 417 2854 Rectum
436 2791 608 2869 judicium
628 2795 672 2856 de
694 2795 860 2877 scriptore
879 2803 918 2855 ut
933 2791 1057 2876 facias,
1075 2813 1148 2856 non
1168 2794 1280 2856 solum
1296 2796 1340 2856 de
1361 2792 1434 2870 ejus
1451 2793 1593 2877 ingenio
1606 2791 1675 2854 dis·

269 2898 472 2979 putandum,
489 2898 549 2957 sed
562 2896 666 2959 etiam
682 2898 795 2977 qualis
804 2897 915 2959 animi
924 2896 1061 2959 indoles
1080 2905 1113 2960 et
1125 2896 1244 2977 quales
1253 2915 1367 2959 mores
1381 2894 1600 2978 ejusfuerint,
1620 2914 1675 2959 ex-

269 2998 479 3080 plorandum
509 3008 570 3061 est.
610 3002 720 3084 Quam
752 3001 846 3062 enim
876 3001 1020 3063 laudant
1046 2999 1211 3063 orationis
1237 2999 1481 3083 proprietatem
1510 2997 1548 3059 in
1585 2998 1673 3080 opti-

270 3099 337 3163 mis
366 3100 621 3184 scriptoribus,
648 3102 720 3180 ejus
746 3103 845 3188 origo
881 3124 953 3165 non
975 3104 1085 3188 magis
1114 3105 1159 3166 ad
1195 3103 1329 3188 ingenii
1358 3101 1551 3183 facultates,
1571 3119 1674 3183 quam

269 3207 315 3268 ed
340 3204 575 3288 generosiores
607 3204 716 3268 animi
737 3226 852 3270 sensus
870 3217 973 3289 atque
993 3203 1133 3271 effectus
1161 3206 1339 3271 referenda
1361 3213 1419 3270 est.
1460 3205 1594 3291 Quibus
1616 3224 1674 3268 co·

268 3307 376 3394 gnitis
397 3309 507 3372 multo
529 3309 656 3372 rectius
689 3311 732 3372 de
747 3311 853 3375 variis
868 3311 1042 3376 scribendi
1066 3310 1250 3398 generibus
1264 3310 1429 3375 statueris.
1456 3313 1575 3391 Neque
1586 3329 1674 3392 prae·

268 3411 350 3475 terit
368 3412 423 3476 rel
440 3412 562 3475 leviter
579 3413 634 3475 his
652 3412 762 3476 literis
781 3411 949 3501 imbutos,
981 3425 1110 3498 quanto
1132 3414 1323 3499 paratiores
1352 3417 1395 3476 ad
1418 3414 1672 3496 interpretatio-

268 3535 349 3580 nem
370 3521 550 3601 accedant,
568 3517 631 3600 qui
652 3519 867 3602 exploratum
894 3522 1060 3605 habeant,
1079 3519 1207 3602 quibus
1229 3505 1330 3583 rebus
1354 3518 1514 3584 inductus
1544 3518 1670 3599 aliquis

268 3629 388 3684 auctor
416 3640 452 3684 se
479 3623 523 3683 ad
550 3622 771 3685 scribendum
794 3625 993 3709 contulerit,
1014 3633 1074 3686 aut
1100 3624 1185 3706 quid
1201 3625 1418 3707 potissimum
1442 3622 1481 3686 in
1504 3623 1670 3686 carminer

268 3724 425 3788 oratione
453 3725 567 3788 aliove
590 3727 683 3788 libro
706 3727 1178 3811 componendosspectaverit.
1218 3729 1293 3790 Hoc
1318 3727 1458 3808 quidem
1482 3726 1604 3808 saepius
1631 3744 1671 3788 ex

266 3827 422 3912 ipsorum
439 3830 609 3892 librorum
621 3831 831 3915 argumentis
844 3851 942 3914 posse
963 3829 1141 3915 cognosci,
1164 3849 1234 3892 non
1250 3839 1320 3911 est,
1341 3831 1434 3909 quod
1450 3827 1558 3891 fusius
1573 3847 1671 3892 enar*

266 3951 391 3997 remus.
429 3935 495 3997 Sed
514 3935 577 3996 alii
597 3936 779 4020 scriptores
794 3934 878 3998 viris
899 3933 1104 3998 doctissimis
1135 3932 1360 3996 multifariam
1387 3935 1451 3996 hac
1475 3935 1517 3995 de
1544 3953 1581 3996 re
1602 3934 1672 3996 dis·

265 4036 411 4122 putandi
420 4038 789 4121 praebueremateriem.
820 4041 968 4102 Tantum
986 4038 1080 4104 enim
1099 4037 1228 4122 abfuit,
1244 4047 1283 4101 ut
1300 4040 1343 4101 de
1363 4037 1509 4102 auctoris
1524 4037 1670 4101 consilio

265 4140 359 4206 inter
376 4161 435 4206 eos
449 4143 666 4228 conveniret,
685 4153 725 4208 ut
743 4143 862 4229 potius
881 4145 971 4211 alius
991 4145 1092 4212 aliter
1102 4145 1284 4224 judicaret.
1319 4144 1403 4230 Quis
1422 4153 1490 4226 est,
1511 4143 1571 4222 qui
1593 4159 1670 4204 nes-
