4106 4974
347 382 468 488 ,¹94

389 575 449 646 clr.
480 577 565 642 Ges.
598 575 637 638 B.
668 567 761 642 Gall.
789 589 818 634 ι.
848 568 900 632 si.
940 557 1109 650 amplior.
1142 564 1214 636 cic.
1246 567 1344 638 Verr.
1382 583 1413 647 4.
1442 573 1493 640 si.
1534 575 1660 658 ampla
1689 593 1799 645 occa·

390 679 459 751 sio.
469 683 606 746 Terent.
620 678 748 763 Hecyr.
765 679 796 744 3.
817 695 885 756 ι.9.
904 668 1102 758 ampliores
1121 669 1210 740 s'rue.
1230 675 1382 760 Propert
1397 675 1516 762 Elegg.
1530 681 1561 742 3.
1572 697 1622 743 ιι.
1641 679 1702 744 fin.
1716 702 1798 767 spes

390 788 515 872 ampla
536 789 720 870 nepotum.
729 781 888 866 -pedes
912 778 978 846 ie
1008 779 1156 865 pedibus
1180 778 1361 860 incedenss
1385 783 1571 866 poeticum.
1591 786 1796 865 Aen.6.8llr.

387 913 452 959 seu
472 911 554 958 cum
567 889 680 974 pedes
699 881 773 953 iret
786 881 826 950 s'a
847 885 997 952 hostem.
1017 885 1118 950 Orid.
1135 885 1217 950 Met.
1232 901 1281 962 ι4.
1300 888 1371 951 333.
1391 885 1486 953 silea
1499 889 1610 972 pedes
1630 899 1736 958 errat
1754 891 1795 960 s'ss

328 1043 331 1051 .
390 1001 481 1066 olto.
489 999 606 1064 Senec.
622 997 707 1080 Epp.
723 1007 790 1068 ιο4.
797 1013 866 1076 per
884 987 1023 1058 medias
1040 985 1198 1081 Africae
1205 986 1424 1058 solitudines
1439 995 1548 1080 pedes
1567 996 1677 1062 duc-it
1696 1021 1795 1066 caess·

390 1105 515 1170 citum.
548 1101 609 1166 Sil.
630 1098 769 1164 Italicus
786 1099 816 1160 8.
834 1099 906 1162 ⁵⁵8.
951 1105 989 1164 et
1007 1091 1132 1182 compi
1149 1117 1220 1182 per
1247 1103 1378 1181 aperta
1396 1100 1577 1165 solantem
1597 1097 1673 1185 isse
1686 1106 1796 1187 pedes

381 1203 588 1295 praesentit
606 1205 898 1290 squammas.
915 1223 944 1267 1.
964 1203 1187 1270 Macedones
1205 1197 1347 1288 scivere,
1367 1221 1414 1268 sse
1425 1204 1537 1288 pedes
1549 1217 1795 1274 venaretur-

389 1308 450 1380 uti
458 1305 637 1399 planities
647 1309 806 1376 erosis.
821 1329 900 1373 cum
919 1309 1015 1374 enim
1035 1327 1076 1374 ea
1095 1307 1256 1394 planitiei
1276 1317 1399 1374 natura
1417 1318 1514 1380 esset.
1533 1306 1681 1378 sius'strs'
1691 1333 1795 1382 mosa·

389 1425 444 1486 ses
462 1419 486 1483 i.
506 1438 538 1493 e.
558 1437 580 1482 a
599 1416 739 1482 sinistra
759 1423 857 1503 parte
876 1414 946 1482 siti.
964 1413 1025 1478 cir.
1045 1414 1156 1479 Plaut.
1168 1414 1293 1500 Amph.
1307 1437 1337 1480 ι.
1349 1437 1375 1481 ι.
1396 1417 1466 1498 176.
1485 1410 1572 1482 hs'ssc
1591 1411 1687 1484 esss'as
1707 1420 1795 1485 detn-

389 1530 472 1590 tera
492 1543 576 1607 son,
596 1529 640 1587 ut
659 1521 863 1606 videbatur,
882 1541 992 1587 cures
1011 1519 1185 1586 verberat.
1197 1557 1241 1574 -
1258 1539 1352 1604 rupe
1368 1539 1510 1605 aspero.
1531 1521 1710 1589 confirmat
1727 1543 1793 1610 op·

389 1627 496 1694 timus
516 1628 664 1712 quisque
683 1645 725 1694 cx
744 1625 875 1692 Italicis
894 1627 1002 1696 Godd.
1023 1644 1142 1709 rupes.
1162 1626 1247 1692 Ven.
1265 1641 1297 1704 4.
1317 1626 1502 1708 conjecerit
1528 1627 1656 1711 aliquis
1685 1649 1795 1715 rupes

391 1755 551 1822 asperas,
571 1745 610 1800 ut
629 1737 698 1800 boc
716 1733 998 1800 antecedentibus
1009 1727 1183 1797 sius'stros
1201 1727 1340 1798 ssrossts's
1353 1735 1594 1819 responderem
1613 1733 1794 1816 sedetiam

388 1841 427 1906 in
445 1837 620 1906 sinistros
638 1849 673 1905 ct
692 1838 738 1907 ab
761 1841 894 1906 desero
911 1846 1033 1904 auctor
1052 1857 1147 1904 casus
1166 1837 1337 1924 variavit,
1367 1845 1402 1905 et
1421 1839 1490 1904 hoo
1516 1837 1551 1904 ei
1569 1843 1620 1904 est
1638 1835 1794 1904 solemne

390 1945 430 2009 in
451 1945 634 2034 oppositisq
654 1965 761 2030 quare
770 1944 1230 2030 bocitainterprctandumr
1250 1943 1289 2008 in
1304 1943 1370 2008 ista
1381 1943 1528 2029 planitie
1544 1941 1682 2008 sinistra
1693 1963 1794 2010 mon-

388 2062 457 2138 tes,
476 2054 594 2118 dextra
612 2071 715 2138 rupes
733 2071 854 2138 aspera
872 2058 957 2121 erat.
970 2046 1109 2143 fronte
1127 2048 1152 2116 i.
1166 2069 1196 2116 e.
1208 2046 1322 2136 prima
1341 2047 1425 2114 acie.
1445 2049 1563 2114 Graue
1580 2045 1713 2136 palmos
1730 2066 1792 2114 seu

387 2155 493 2245 eliqua·
513 2155 778 2225 similiterlrons
787 2163 1015 2242 castrorum,
1026 2151 1203 2239 Caucasi,
1222 2151 1712 2240 aedium,Itsls’ue‚lieos-usss
1727 2161 1792 2221 cto.

388 2263 529 2337 dicitur,
538 2261 683 2348 reliqua
695 2263 796 2351 signa
806 2283 871 2350 pro
881 2261 967 2348 ipsis
974 2261 1163 2342 militibus;
1184 2255 1487 2346 sicsqus‘lae.'l'ac.
1502 2259 1591 2324 Hist.
1602 2278 1634 2330 a.
1645 2261 1697 2335 ss.
1707 2281 1795 2328 sen·

311 2393 314 2396 ·
387 2365 465 2436 illc.
484 2367 598 2456 Agric.
617 2371 664 2438 ab.
683 2365 794 2460 ss'gsso
813 2365 1050 2442 Latinorum.
1070 2367 1143 2432 liv.
1156 2368 1188 2441 3.
1201 2387 1231 2448 9.
1247 2361 1409 2452 primum
1418 2359 1538 2450 pilum
1556 2364 1701 2452 heere,
1714 2364 1794 2450 pri·

393 2469 446 2538 mi
458 2470 535 2558 pili
552 2469 737 2558 centurio,
758 2473 839 2538 alia.
858 2469 1108 2558 reliquorum,
1128 2474 1225 2557 quod
1245 2470 1381 2538 (lortius
1401 2470 1564 2538 omnibus
1583 2471 1685 2536 libris
1704 2471 1795 2536 invi·

387 2575 433 2640 tis
451 2577 490 2640 in
510 2573 653 2660 reliqua
673 2579 840 2662 mutarit,
856 2578 1116 2644 restituendum.
1138 2575 1178 2644 s'u
1189 2573 1362 2644 subsidio.
1378 2577 1520 2664 proprie
1537 2583 1687 2644 extrema
1702 2569 1795 2642 acies

386 2679 587 2748 triariorum
607 2679 802 2764 dicebatur,
827 2684 922 2762 quod
940 2681 1174 2746 subsidebant.
1193 2682 1334 2746 Plautus
1352 2683 1556 2749 Trisolaria.
1576 2679 1677 2772 agite
1692 2702 1794 2747 nuuc

271 2819 283 2836 ·
390 2780 566 2852 subsidite
585 2805 728 2871 omnes,
749 2780 859 2870 quasi
873 2787 995 2852 solent
1015 2781 1152 2858 triarii.
1177 2783 1238 2855 cfr.
1258 2787 1368 2854 Varro
1389 2789 1428 2852 1.
1440 2791 1477 2858 L.
1495 2803 1526 2867 4.
1544 2791 1591 2854 ι6.
1611 2789 1697 2854 Fest.
1725 2789 1795 2854 boo

386 2893 466 2960 loco
487 2892 587 2960 tertis
605 2913 667 2958 seu
687 2899 838 2959 extrema
856 2891 965 2976 acies,
993 2899 1028 2958 et
1048 2891 1228 2958 novissimi
1248 2891 1390 2960 ordines
1406 2893 1460 2960 ita
1480 2895 1652 2962 dicuntur.
1675 2933 1710 2950 -
1732 2915 1795 2960 sr-

388 2999 473 3066 ts’us.
494 2999 519 3066 i.
539 3019 569 3070 e.
593 2999 704 3090 magis
723 2999 887 3066 confertis
907 2997 1100 3068 ordinibus.
1121 3000 1236 3066 lectos
1264 3007 1301 3065 et
1327 3009 1506 3069 evocatos.
1538 3021 1620 3066 care
1640 3019 1686 3066 ne
1714 3019 1794 3068 evo·

389 3114 495 3172 catos
514 3127 578 3192 pro
597 3106 783 3193 participio
804 3109 950 3184 babeas,
974 3108 1036 3174 sed
1054 3103 1257 3192 substantivi
1275 3103 1355 3170 loco
1375 3104 1525 3191 positum
1547 3115 1608 3172 cst.
1642 3108 1711 3172 hoc
1730 3125 1795 3172 no·

390 3209 484 3276 mine
497 3213 777 3296 appellabantur,
797 3215 859 3295 qui
873 3213 1047 3298 stipendia
1056 3213 1478 3280 emeruerant.ridentura
1490 3211 1693 3300 legionariis
1701 3211 1795 3278 mill·

389 3317 481 3382 tibus
500 3315 645 3397 sejuncti
659 3315 773 3382 luisse.
794 3317 907 3382 Caesar
925 3324 1015 3382 certe
1035 3319 1072 3389 Β.
1088 3319 1124 3382 G.
1142 3337 1171 3390 ι.
1193 3339 1240 3398 ¹7·
1260 3336 1319 3382 eos
1338 3315 1601 3384 centurionibus
1619 3318 1795 3404 proximos

386 3419 491 3486 luisse
511 3422 691 3506 significat.
712 3429 746 3486 ct
767 3421 805 3485 in
826 3421 949 3508 glossis
968 3430 1049 3487 vett.
1069 3429 1229 3488 evocatus
1244 3417 1412 3522 Ίιξίιςχις
1439 3419 1632 3510 erponitur.
1662 3423 1794 3490 scilicet

387 3525 514 3590 multos
535 3533 691 3589 evocatos
712 3524 817 3588 luisse
836 3525 1045 3608 putaverim,
1071 3526 1134 3606 qui
1160 3535 1260 3590 antea
1286 3528 1429 3594 ordines
1458 3532 1646 3616 duxerant,
1665 3529 1694 3596 ii
1713 3549 1795 3594 cen·

384 3632 563 3700 turionum
588 3629 666 3696 loco
694 3627 817 3694 babiti.
837 3628 896 3695 clr.
918 3630 1013 3696 Voss.
1045 3631 1089 3694 ad
1110 3630 1191 3695 Ces
1211 3633 1247 3698 B.
1276 3631 1350 3698 civ.
1369 3651 1397 3696 ι.
1418 3652 1468 3717 ²7·
1490 3644 1524 3704 et
1542 3635 1635 3722 Lips.
1655 3639 1699 3702 de
1718 3634 1795 3709 mil.

318 3787 322 3794 .
386 3743 485 3810 Rom.
504 3763 531 3813 1.
545 3743 574 3806 8.
614 3746 803 3824 optumum
834 3758 1009 3822 quemque
1036 3724 1234 3806 armaturis
1261 3749 1471 3824 postremam
1498 3761 1618 3808 rocem
1644 3737 1799 3808 libenter

395 3846 589 3912 deleverim
620 3867 707 3914 nam
729 3855 917 3930 optumum
950 3865 1125 3927 quemque
1155 3842 1360 3912 fortissimos
1378 3845 1565 3912 Salustium
1584 3845 1711 3912 dixisse
1726 3855 1796 3912 sta-

389 3960 461 4018 tuo.
490 3952 631 4033 quodsi
651 3952 767 4016 minus
786 3953 915 4036 placet,
944 3959 1133 4034 optumum
1154 3949 1310 4014 adverbii
1330 3949 1409 4016 loco
1429 3951 1581 4037 positum
1601 3971 1675 4018 csso
1692 3949 1797 4036 facile

391 4055 589 4126 credideris.
610 4055 671 4120 alr.
691 4057 822 4125 Histor.
841 4059 973 4143 Fragm.
989 4061 1019 4122 3.
1034 4073 1082 4134 ι4.
1101 4057 1240 4120 Τοιιι.Ι.
1259 4075 1337 4143 pag.
1356 4061 1424 4124 ι3ι.
1446 4055 1660 4124 immensum
1681 4063 1797 4124 aucto

387 4187 490 4232 mure
511 4173 548 4232 et
568 4171 671 4230 vento
689 4160 877 4253 gliscente.
895 4164 974 4248 Jug-
987 4165 1015 4226 ⁵.
1036 4179 1211 4252 magnust
1231 4168 1344 4243 atque
1363 4163 1440 4228 late
1459 4159 1651 4248 imperium
1669 4155 1798 4228 vassu.

391 4272 464 4338 Liv.
481 4289 530 4350 4ι.
548 4275 596 4338 ιθ.
618 4278 702 4338 tuto
725 4278 762 4336 et
775 4291 846 4354 pes·
866 4271 1104 4338 commodum.
1124 4266 1231 4335 Tacit.
1252 4266 1374 4332 Annal.
1392 4284 1422 4344 4.
1439 4269 1491 4336 60.
1526 4263 1695 4336 Tiberius
1714 4274 1798 4334 ton·
