4108 4976
1617 379 1694 478 269
1715 391 1718 395 “

285 564 709 648 sequi.osr.1.iv.1o.ee.
740 562 938 652 diversique
965 561 1103 657 integri
1120 573 1234 648 atque
1261 560 1400 634 intacti
1429 565 1617 657 abiissent,
1650 571 1695 640 ni

284 667 428 736 cedenti
455 667 686 738 instaturum
708 674 867 738 alterum
895 670 1111 738 timuissent.
1139 674 1218 737 Gaes.
1243 675 1278 735 Β.
1307 672 1376 742 Cir.
1403 696 1430 740 ι.
1453 679 1504 742 86.
1526 673 1690 742 instabat
1739 723 1741 728 ,

283 795 414 865 agmen
427 773 599 843 Caesaris
612 786 725 861 atque
736 774 943 842 universnm
957 761 1178 842 imminebat.
1193 778 1240 840 id.
1250 779 1337 854 3.46.
1348 779 1527 844 audacius
1538 791 1689 848 nostros

278 899 444 964 premere
454 889 567 964 atquc
586 878 728 947 instare
741 891 998 965 coeperunt.-
1008 879 1115 964 alios,
1128 879 1253 946 deinde
1262 878 1366 946 alios.
1388 882 1480 946 idem
1495 889 1589 967 quod
1601 886 1689 952 alios

281 993 387 1066 atque
403 985 501 1050 elios.
523 986 584 1050 cir.
604 987 678 1050 Liv.
692 1009 720 1050 ι.
733 991 761 1052 8.
783 997 902 1052 ceterae
921 985 1091 1071 iormulae,
1109 1007 1185 1072 quae
1194 985 1396 1072 laudantur,
1414 983 1630 1074 alius.super
1647 1014 1689 1056 a·

283 1085 374 1154 lium
396 1099 430 1156 et
450 1088 529 1154 alia
548 1111 594 1156 en
612 1087 716 1176 alir's,
744 1091 885 1158 diversae
905 1101 995 1156 sunt.
1017 1089 1190 1176 quitum.
1216 1093 1356 1176 proprie
1382 1096 1426 1155 ad
1441 1089 1555 1183 fuere
1578 1097 1688 1180 perti-

229 1223 241 1234 ·
281 1201 357 1273 net3
378 1197 437 1258 sed
457 1195 529 1275 eius
548 1196 679 1280 positor
701 1196 871 1262 insolitus.
893 1219 938 1262 ea:
959 1204 1067 1260 tanta
1082 1217 1194 1280 prop.
1214 1196 1238 1260 i.
1258 1217 1287 1264 e.
1303 1204 1400 1280 post.
1423 1200 1503 1262 Caes.
1520 1203 1555 1260 Β.
1574 1200 1645 1264 Giv.
1657 1223 1685 1264 ι.

282 1315 333 1379 7ο.
354 1319 399 1362 α·
419 1297 563 1388 magnis
583 1297 734 1384 rupibus
754 1311 887 1366 nactur
901 1299 1107 1385 planitiem.
1134 1301 1203 1365 Cio.
1218 1303 1352 1368 declar.
1364 1303 1456 1365 Orat.
1470 1321 1520 1382 92.
1542 1324 1686 1370 excon-

242 1431 244 1434 ·
279 1404 406 1466 euiatu
428 1400 624 1494 profectus
644 1404 683 1469 in
705 1403 875 1470 Galliam.
895 1443 939 1460 -
959 1403 1033 1472 dies
1054 1403 1237 1472 comitior.
1256 1406 1281 1470 i.
1309 1427 1340 1477 e.
1362 1417 1504 1492 tempus.
1519 1408 1684 1492 CioEpp.

280 1527 311 1588 7.
331 1511 380 1572 28.
402 1506 624 1573 diesstnltis
642 1501 779 1575 mederi
794 1513 903 1595 solet,
920 1520 953 1574 et
973 1532 999 1573 ι.
1012 1515 1044 1574 6.
1064 1511 1140 1574 dies
1160 1507 1337 1579 debilitat.
1357 1519 1448 1576 recte
1457 1512 1592 1575 Cottius
1611 1531 1685 1576 mo·

279 1613 372 1697 nuit,
390 1616 454 1682 hac
475 1614 728 1700 significatione
748 1612 824 1682 dies
842 1614 1010 1702 singulari
1030 1612 1175 1680 numero
1195 1616 1365 1701 usurpari.
1382 1617 1502 1682 Roma
1523 1611 1686 1679 discessit

233 1761 236 1766 ι
278 1715 353 1782 vat.
365 1720 396 1786 5.
417 1719 573 1784 Romam
595 1717 757 1785 discessit
777 1709 870 1786 Med.
884 1740 913 1784 2.
934 1723 1024 1784 Flor.
1041 1742 1068 1786 1.
1089 1723 1174 1788 Ven.
1191 1741 1218 1781 1.
1230 1725 1259 1783 ³.
1280 1717 1429 1784 recessit
1449 1721 1581 1787 Mede.
1597 1721 1681 1784 Ven.

277 1834 307 1896 4.
328 1823 545 1899 Ἷ21.ι.3.,4.
563 1841 592 1886 2.
613 1845 659 1891 ιιι.
686 1846 739 1908 pr.
766 1828 827 1888 sed
852 1833 1022 1908 receptam
1048 1823 1233 1888 lectionem
1253 1823 1343 1887 hene
1363 1820 1498 1884 Cottius
1519 1821 1682 1906 explieat:

276 1922 412 2001 ..Africa
431 1928 596 1992 decedere
616 1936 705 1994 etse
725 1930 872 1992 Romam
894 1926 1081 1992 conferre.²>
1098 1937 1190 1992 recte
1207 1926 1340 1992 confert
1360 1929 1432 1990 Cat.
1450 1943 1500 2006 27.
1521 1922 1560 1987 in
1580 1927 1683 2009 Apu-

276 2027 365 2094 liam
388 2027 535 2116 dimisit,
561 2041 595 2097 et
607 2034 657 2115 57.
677 2030 840 2117 reliquos
858 2029 897 2096 in
918 2025 1049 2120 agrum
1058 2028 1319 2096 Pistoriensem
1343 2027 1507 2111 obduxit,
1527 2036 1561 2092 et
1579 2048 1682 2112 supra

276 2139 306 2200 5.
328 2133 367 2199 in
384 2131 616 2219 praetorium
636 2133 802 2204 abduxit.
821 2139 929 2200 Thuo.
949 2159 975 2202 ι.
995 2137 1045 2198 55.
1075 2138 1101 2204 oi
1120 2131 1165 2204 ii·
1178 2133 1333 2231 Κορίνθιοι
1354 2130 1547 2208 imitate
1565 2131 1616 2202 ἐπ’
1634 2131 1679 2202 ii-

275 2267 338 2309 nco.
358 2241 507 2316 seihoo
532 2260 604 2304 non
628 2242 890 2328 negligendum,
918 2239 1060 2324 proprie
1084 2239 1307 2325 magistratus,
1326 2239 1482 2304 Romam
1515 2238 1682 2302 decedere

275 2343 366 2428 dici,
386 2352 444 2406 aut
464 2354 581 2410 exacto
596 2365 688 2410 anno
708 2346 865 2431 imperii,
882 2353 943 2410 aut
962 2343 1124 2429 perfecto,
1144 2344 1240 2424 cujus
1259 2342 1461 2428 perficiendi
1475 2363 1575 2406 causa
1590 2343 1680 2407 eleo-

273 2447 475 2535 tifuerant,
504 2451 655 2537 negotio.
678 2431 750 2518 eir..
764 2451 838 2516 Iiv.
858 2451 888 2514 8.
910 2455 966 2530 ¹³5
987 2471 1017 2532 9.
1041 2453 1092 2531 163
1117 2470 1166 2514 ιο.
1180 2451 1230 2528 46.
1259 2449 1322 2512 abi
1347 2450 1503 2515 Romam
1535 2449 1587 2512 ad
1610 2429 1691 2511 trid

272 2553 445 2637 umphum
466 2553 616 2618 decessit
636 2555 791 2620 dicitur·
1599 2539 1602 2548 *

354 2661 434 2742 Cap.
453 2659 618 2725 XXXVII.
637 2661 787 2728 Romae.
807 2661 918 2727 miror
935 2661 1106 2748 Cortiumj
1125 2663 1220 2744 quod
1240 2661 1279 2725 in
1298 2660 1364 2723 hac
1383 2677 1466 2723 voce
1485 2677 1558 2722 non
1571 2651 1679 2722 offen·

168 2846 174 2860 ¹
235 2749 246 2758 ’
271 2760 381 2846 derit,
411 2785 487 2844 quae
512 2765 654 2846 quidem
676 2771 771 2832 haud
791 2769 898 2833 dubie
917 2788 999 2834 vcra
1019 2777 1069 2833 est
1089 2768 1211 2851 lectio,
1236 2769 1296 2829 sed
1318 2765 1429 2828 multo
1448 2763 1577 2841 majore
1596 2783 1679 2846 pro-

270 2865 461 2928 babilitatis
488 2869 601 2951 specie
624 2871 805 2944 sollicitari
824 2871 956 2955 potuit,
976 2872 1224 2952 quammultae
1245 2869 1322 2932 aliae
1351 2867 1508 2930 aGortio
1529 2865 1680 2950 exagita-
1764 2869 1768 2875 '

246 2976 256 2992 “
270 2978 325 3034 tae.
346 2967 566 3036 continuare
579 2971 850 3061 magistratum.
863 2974 924 3038 cir.
935 2975 1057 3054 Veuej.
1066 2991 1097 3037 2.
1110 2977 1139 3041 6.
1163 2973 1251 3055 quin
1267 2975 1425 3035 alterum
1436 2975 1547 3036 etiam
1560 2967 1680 3033 conti·

270 3070 398 3138 nuavit
410 3072 651 3138 tribunatum.
663 3086 814 3140 ceterum
827 3078 1057 3142 tribunatum
1069 3078 1172 3140 eiiam
1181 3077 1299 3138 Livius
1307 3071 1567 3162 magistratum
1577 3073 1674 3138 dixit.

269 3177 350 3243 vide
370 3178 447 3243 Lib.
462 3195 493 3260 4.
510 3201 539 3243 ο.
558 3202 586 3242 r.
608 3179 760 3245 comitia
781 3177 1005 3266 impediebat.
1026 3184 1094 3266 qua
1113 3180 1255 3262 quidem
1274 3200 1312 3244 re
1332 3177 1460 3242 iactum
1480 3185 1546 3263 est,
1566 3177 1674 3241 utAl·

268 3283 354 3348 bino
381 3283 420 3347 in
444 3283 594 3348 Africam
613 3286 728 3350 redire
749 3297 822 3350 non
840 3287 969 3352 liceret.
992 3307 1097 3369 quem
1109 3323 1151 3340 -
1165 3281 1332 3348 diximus.
1364 3284 1447 3346 Haec
1466 3303 1604 3364 quoque
1619 3267 1673 3346 iir-

268 3379 420 3476 geniosis
437 3389 512 3453 istis
530 3390 730 3456 Salustianae
749 3392 928 3456 brevitatis
946 3392 1135 3455 artificibus
1155 3387 1262 3452 dubia
1276 3386 1389 3452 videri
1408 3388 1595 3472 dehebant,
1614 3389 1675 3454 sed

242 3541 249 3556 .
268 3513 310 3560 ea
323 3494 452 3558 intacta
461 3494 686 3577 reliquerunt.
705 3496 1014 3585 magnisque.,quc
1032 3515 1101 3561 om.
1119 3497 1209 3560 Med.
1227 3515 1276 3555 ιι.
1294 3495 1371 3559 Vat.
1386 3494 1413 3556 5.
1436 3494 1560 3576 copula
1571 3493 1686 3556 omis·-

266 3617 305 3664 sa
330 3599 412 3664 Auli
438 3600 694 3685 properantiam
721 3600 896 3686 designari
914 3586 1058 3685 putabat
1085 3599 1230 3663 Cortius.
1255 3596 1398 3662 Suthul.
1426 3596 1543 3680 plures
1571 3599 1674 3661 urbes

267 3713 516 3780 memorantur,
543 3705 607 3768 ubi
627 3705 717 3790 regis
737 3705 1047 3770 thesauriiuerint.
1066 3705 1146 3768 vide
1166 3701 1257 3766 inira
1279 3723 1351 3786 cap.
1370 3703 1421 3781 7⁵·
1443 3705 1487 3764 de
1506 3701 1616 3763 Thala
1637 3706 1673 3766 et

266 3826 339 3893 cap.
355 3825 405 3888 9²·
426 3809 603 3874 castellum
624 3809 737 3874 eidem
764 3810 816 3874 rei
835 3811 1015 3874 inservisse
1034 3809 1171 3872 dicitur.
1198 3807 1320 3870 Strabo
1350 3808 1493 3888 Capsam
1518 3799 1552 3878 ii
1581 3805 1672 3892 μζο.
1777 3877 1779 3882 ,

266 3910 415 3998 panieron
430 3912 487 3985 ici·
499 3911 678 4013 leopov'pia
700 3914 868 3998 nominat,
886 3914 964 3976 Lib.
983 3935 1031 3996 17.
1050 3934 1084 3996 p.
1099 3913 1171 3988 488.
1192 3913 1252 3974 Ed.
1264 3911 1417 3973 Tauchn.
1439 3912 1534 3993 quod
1552 3912 1670 3976 nullus
1696 3959 1698 3966 -

262 4017 357 4082 alius
391 4017 538 4101 scriptor
561 4021 652 4082 hanc
676 4021 798 4083 urbem
826 4018 998 4102 nominat,
1032 4017 1135 4098 hujus
1154 4016 1208 4080 rei
1234 4033 1369 4079 oausam
1388 4022 1480 4080 recte
1502 4017 1624 4079 Strabo
1644 4013 1670 4076 l.

263 4119 680 4206 ¹·‘³¹1¹li011ii8i2Vi‘iflilll'ss
707 4126 963 4209 mercerii-&naar
981 4117 1015 4193 ii
1030 4123 1088 4199 ‘idn
1108 4118 1237 4209 iprpe'cs
1257 4119 1310 4191 nai
1332 4122 1365 4189 ris
1384 4117 1500 4194 ninere.
1532 4112 1669 4182 montis

260 4225 459 4312 praerupti
477 4233 650 4297 extremo.
668 4245 779 4295 mons'
787 4238 979 4319 praeruptus
998 4237 1066 4315 esi,
1083 4229 1147 4313 qai
1165 4227 1244 4292 aliis
1261 4226 1349 4294 locis
1360 4220 1669 4307 dieiturpracisus·
