4108 4976
366 369 440 442 282

368 567 542 647 receptam
560 581 677 643 neque
695 555 957 626 muniebantur
977 582 1021 625 ea
1041 561 1230 624 confirmat.
1250 558 1389 623 videtur
1406 559 1480 624 heac
1500 560 1613 644 glossa
1630 559 1714 627 inde
1726 580 1785 626 on-

369 677 423 753 te,
449 668 545 750 quod
569 667 641 733 vim
661 665 839 750 particulae
860 687 976 750 neque
993 665 1132 730 librarii
1152 685 1225 730 non
1245 674 1482 750 perceperunt.
1503 668 1563 730 sed
1583 687 1698 748 neque
1715 669 1784 732 hoc

367 774 447 839 loco
468 792 534 857 pro
554 771 707 857 simplici
728 793 801 838 non
820 773 972 859 positum
993 793 1065 838 esse
1084 773 1232 838 videtur.
1251 771 1314 840 cir.
1335 772 1404 836 Cic.
1424 791 1489 857 pro
1510 771 1686 858 Quinctt.
1709 795 1782 856 quo

371 887 532 963 mortuo,
551 898 619 942 nec
640 877 696 942 ita
717 881 835 944 multo
852 885 941 963 post
961 874 1000 948 in
1024 878 1185 942 Gallium
1200 872 1397 969 profectus
1414 885 1469 942 est
1488 873 1696 961 Quinctius.
1717 881 1783 942 Ca·

371 992 407 1048 to
419 987 462 1048 de
472 986 513 1052 ll.
528 985 569 1046 R.
585 1003 612 1045 o.
625 999 691 1061 141.
712 979 748 1046 si
754 981 846 1065 quid
851 979 921 1048 tibi
930 981 969 1048 in
980 979 1097 1049 illisce
1104 979 1410 1050 suovetaurilibus
1420 978 1782 1066 -nequeeatiesao-

370 1097 449 1154 tum
479 1097 544 1159 est.
574 1087 634 1153 cir.
662 1087 783 1168 Vellej.
800 1107 829 1151 a.
845 1092 894 1172 57.
925 1099 961 1156 et
987 1085 1104 1157 libelii
1130 1086 1426 1180 conjurationem
1447 1085 1665 1153 nuntiantes
1685 1085 1780 1170 dati,

368 1194 415 1258 ab
438 1215 480 1260 eo
501 1214 618 1279 neque
632 1183 809 1280 protinus
828 1191 918 1259 lecti
937 1205 1055 1262 erant.
1069 1194 1403 1260 -deducebuntun
1423 1193 1556 1258 dictum
1575 1201 1614 1257 ut
1634 1193 1781 1258 militem

368 1299 406 1364 in
438 1299 565 1384 aciem,
593 1299 720 1364 deduci
748 1301 787 1364 in
813 1301 996 1366 coloniam.
1025 1300 1085 1366 cir.
1115 1301 1205 1368 Hist.
1226 1303 1358 1386 Fragm.
1379 1321 1407 1362 1.
1431 1321 1477 1380 ¹9·
1497 1321 1532 1384 p.
1553 1315 1622 1361 aaa.
1640 1296 1781 1382 praesi-
1838 1329 1841 1336 ⁴

371 1400 434 1468 dia
455 1404 610 1468 deductu
631 1412 744 1486 utque
765 1400 947 1490 imposita.
973 1409 1034 1472 sed
1054 1406 1124 1470 alia
1144 1405 1300 1490 exempla
1319 1405 1422 1484 hujus
1441 1405 1628 1471 locutionis
1646 1405 1781 1470 deside-

370 1528 422 1572 ro.
443 1504 542 1572 lirae
562 1516 653 1573 recte
672 1509 809 1574 Cottius
830 1509 987 1594 explicat,
1007 1512 1050 1574 dc
1071 1513 1144 1574 Usu
1166 1511 1264 1574 Orth.
1284 1514 1358 1578 Lat.
1379 1531 1451 1596 cap.
1465 1513 1524 1573 111.
1544 1510 1601 1578 Xl.
1623 1531 1653 1591 9.
1674 1519 1707 1575 et
1730 1530 1779 1573 ιο.

372 1611 435 1694 qui
455 1614 553 1676 Festo
575 1613 766 1678 assentitur.
787 1617 880 1700 apud
901 1635 981 1680 eum
1002 1624 1052 1680 est
1072 1617 1138 1680 itas
1161 1612 1268 1702 linae,
1289 1615 1355 1700 qui
1363 1612 1561 1688 exercitum
1577 1623 1781 1698 sequuntur

371 1723 544 1801 quaestus
561 1713 702 1805 gratia,
723 1721 825 1801 quod
842 1727 950 1784 extra
969 1715 1134 1785 ordinem
1154 1717 1528 1805 sintmilitiaeeisq'ue
1541 1716 1660 1803 liceat,
1682 1719 1784 1800 quod

370 1818 530 1888 libuerit.
557 1841 664 1906 quare
690 1825 827 1890 Gortius
849 1825 1021 1911 originem
1047 1825 1141 1889 vocis
1161 1845 1182 1888 a
1200 1827 1291 1890 laxa
1310 1829 1532 1909 repetendam
1546 1823 1678 1903 judicat
1703 1824 1727 1890 i.
1749 1843 1779 1888 e.

371 1929 526 1992 solutus.
548 1937 666 1992 contra
677 1935 764 1994 Non.
776 1933 881 1994 Maro.
900 1955 926 1994 1.
943 1932 1002 1994 238
1018 1939 1050 1995 et
1061 1935 1133 2012 ³⁰9·
1152 1951 1173 1994 a
1194 1929 1283 2016 Ιιζτα,
1303 1929 1780 2016 quaeveteribussignlfieave-
1817 1975 1821 1982 -

371 2033 419 2096 rit
440 2053 581 2119 aquam,
612 2035 761 2120 derivat,
789 2044 823 2100 et
843 2033 996 2100 officium
1022 2055 1144 2100 corum
1163 2035 1267 2100 tuisse
1287 2036 1353 2120 ait,
1379 2035 1551 2100 militibus
1577 2055 1701 2117 aquam
1720 2055 1780 2098 ve·

369 2141 471 2220 here3
497 2141 617 2204 Petrus
637 2144 751 2209 Burm.
772 2143 817 2204 ad
835 2141 1000 2225 Quinctil.
1019 2143 1113 2208 VIII.
1135 2145 1173 2227 6,
1191 2165 1226 2227 p.
1243 2160 1313 2224 744.
1333 2141 1550 2207 verissimum
1569 2149 1667 2225 putat
1687 2159 1708 2202 a
1735 2136 1779 2202 li·

371 2245 496 2310 nando
516 2245 572 2311 vel
593 2242 766 2312 elinando
787 2249 956 2313 deducere
983 2255 1016 2314 et
1036 2248 1178 2334 proprie
1198 2248 1304 2314 fuisse
1324 2248 1468 2332 adserit,
1495 2246 1557 2330 qui
1578 2262 1695 2310 carnes
1715 2244 1781 2307 eli·

369 2369 429 2416 xas
456 2360 490 2418 et
516 2371 605 2418 assas
632 2352 804 2418 militibus
831 2355 1051 2438 praebebant.
1079 2355 1215 2419 Suidas=
1257 2351 1381 2443 Διῒξαυ,
1407 2353 1586 2453 elpalecilse·
1602 2347 1678 2426 totto
1697 2355 1729 2420 ts
1748 2343 1780 2420 iv

364 2456 399 2530 li
419 2454 570 2542 pitaciis
596 2457 612 2526 i
615 2458 781 2554 paules&
801 2458 855 2530 eui
873 2460 1191 2561 napnlpaleuaue‘ras
1208 2459 1399 2560 insipieus,
1421 2461 1439 2530 i
1462 2457 1559 2534 nint
1575 2453 1682 2544 liius
1700 2450 1779 2532 letis

370 2559 523 2656 ὑπάρχων
542 2557 596 2632 tul
611 2557 644 2635 ‘li
662 2561 746 2646 μέθ’
765 2557 853 2632 inte
867 2565 939 2651 uile
958 2568 1055 2640 nh‘ln
1073 2562 1166 2657 ἔχειν.
1188 2566 1248 2630 cir.
1269 2567 1378 2630 multa
1394 2566 1617 2649 antiquorum
1636 2562 1780 2645 scripto·

372 2683 450 2726 sum
469 2665 547 2728 loca
566 2681 587 2726 a
606 2666 726 2728 cortic
744 2666 893 2752 laudata,
914 2671 1037 2752 Polyb.
1059 2675 1088 2733 3.
1111 2673 1161 2732 82.
1182 2673 1260 2734 Tac.
1274 2673 1363 2734 Ann.
1385 2690 1414 2736 a.
1435 2675 1485 2734 62.
1504 2672 1595 2734 curt.
1613 2688 1658 2730 ιο.
1674 2688 1700 2728 ι.
1727 2667 1776 2738 15,

370 2769 430 2834 sil.
448 2771 476 2832 b.
493 2774 544 2832 31.
563 2769 654 2834 Suet.
673 2772 759 2856 Aug.
774 2792 823 2851 19.
842 2773 920 2836 Tac.
939 2773 1027 2837 Hist.
1053 2791 1081 2836 a.
1098 2777 1150 2855 87.
1169 2777 1286 2860 Veget.
1311 2779 1355 2840 dc
1373 2779 1412 2840 tt
1426 2779 1473 2840 M.
1489 2800 1515 2838 1.
1537 2797 1583 2838 ιο.
1604 2792 1680 2856 quae
1700 2769 1778 2854 qui-

370 2879 450 2941 dem
462 2876 591 2960 omnia,
603 2876 634 2940 si
649 2877 840 2942 accuratius
849 2879 1105 2966 examinaveris,
1116 2881 1225 2945 Cottii
1239 2882 1444 2946 sententiam
1456 2881 1668 2947 confirmant.
1688 2885 1779 2942 recte

371 2983 466 3050 enim
483 2983 563 3048 illes
583 2985 647 3060 ..Et
665 2981 705 3048 in
725 2986 803 3068 hoc,
822 2989 916 3068 quod
936 2985 1004 3050 sint
1024 2987 1132 3052 soluti
1152 2987 1286 3072 ordine,
1312 2987 1426 3053 omnis
1444 2987 1497 3052 vis
1516 2984 1677 3050 vocabuli
1690 2983 1779 3047 lixa·

371 3109 450 3152 rum
470 3090 536 3154 sita
555 3099 615 3154 est.
645 3090 793 3154 Possunt
813 3089 871 3154 illi
889 3076 1037 3174 ouaestus
1055 3093 1165 3179 gretia
1185 3093 1372 3158 exeritum
1390 3081 1505 3177 senui,
1524 3099 1667 3176 possunt
1687 3109 1778 3154 mer·

370 3195 443 3258 cari
469 3203 503 3260 et
531 3215 609 3257 cum
629 3195 741 3278 pretio
771 3194 875 3258 ctiam
904 3197 1044 3261 servilia
1068 3209 1259 3283 praestare.t
1280 3198 1339 3262 cir.
1360 3202 1407 3263 Le
1427 3203 1517 3262 Bcau
1532 3192 1715 3261 Mimoires
1733 3198 1777 3258 de

368 3299 495 3363 l’Acad.
517 3301 576 3364 des
595 3299 751 3384 Inscript.
765 3300 803 3362 T.
813 3300 977 3366 XXXVII.
986 3323 1021 3386 p.
1036 3320 1227 3384 sea-asp.
1238 3299 1475 3393 frumentum
1479 3299 1628 3386 publice
1639 3301 1775 3364 dutum.

369 3402 501 3467 scilicet
519 3403 558 3468 in
578 3403 733 3489 singulos
754 3401 826 3468 lere
846 3425 979 3471 menses
1000 3408 1168 3474 militibus
1186 3408 1397 3476 trumentum
1417 3407 1533 3472 metiri
1553 3408 1777 3492 imperatores

370 3505 537 3570 solebant.
564 3507 625 3570 cir.
654 3508 809 3573 Schelius
830 3512 873 3572 de
893 3510 1066 3579 frumento
1089 3523 1123 3579 et
1140 3524 1233 3580 veste
1254 3515 1292 3577 in
1313 3514 1440 3580 Graevii
1458 3516 1558 3580 Thes.
1576 3517 1653 3576 Aut.
1674 3515 1774 3574 llom.

369 3611 408 3673 T.
420 3611 461 3676 X.
482 3620 515 3675 et
535 3611 692 3676 Lo'Beau
713 3615 756 3677 de
777 3613 813 3676 la
833 3618 1029 3682 noun-iture
1050 3621 1098 3681 du
1119 3619 1231 3683 soldat
1250 3613 1442 3705 ligionaire
1461 3619 1499 3684 in
1515 3614 1619 3683 th.
1639 3616 1774 3682 del'llc.

370 3717 430 3780 des
450 3717 607 3802 Inscript.
627 3719 665 3782 T.
686 3719 771 3782 XLI.
796 3743 830 3804 p.
850 3734 917 3802 129.
939 3743 1008 3805 seq.
1034 3724 1186 3807 probra.
1216 3724 1298 3789 vide
1319 3728 1392 3788 Cat.
1415 3727 1464 3790 38.
1485 3723 1525 3790 in
1546 3723 1620 3788 dies
1640 3723 1663 3786 i.
1684 3741 1714 3786 e.
1735 3721 1775 3784 in

371 3821 446 3884 dics
462 3824 626 3910 singulos.
637 3825 718 3890 vide
738 3825 830 3890 infra
850 3849 922 3913 cap.
938 3844 988 3910 74.
1009 3829 1378 3914 Cic.Epp.Att.14.23.
1400 3826 1557 3894 consilia
1571 3839 1773 3911 temporum

368 3933 473 3998 sunt,
496 3927 646 4008 quaein
667 3931 779 3997 boras
800 3933 1023 3999 commutari
1041 3930 1145 3998 uides.
1173 3943 1309 4000 cuncta
1319 3930 1433 4025 fuere
1452 3943 1488 4000 et
1508 3931 1585 3998 alia
1607 3927 1773 4015 amplius.

368 4029 427 4094 cfr·
447 4033 592 4098 ἹῚΙῑῑῦιῧ.
608 4035 657 4096 31·
678 4033 736 4103 tel
756 4032 813 4105 aiot
833 4041 919 4118 φιλεῖ
931 4035 962 4106 ir
978 4039 1018 4126 Ἱᾷ
1033 4037 1145 4128 ‘latialis
1168 4037 1343 4125 pipinius.
1363 4036 1448 4114 ottlr
1466 4033 1530 4124 isit
1548 4039 1580 4110 oi
1594 4033 1701 4127 ξυνίβη
1719 4034 1771 4105 uel

365 4131 406 4212 ile
425 4137 545 4242 nepotali
548 4168 601 4241 pa.
621 4135 780 4222 amptius
799 4149 848 4207 est
862 4144 978 4227 ptura
997 4151 1035 4206 ut
1057 4147 1127 4207 Cat.
1144 4130 1193 4206 ao.
1213 4151 1246 4208 C.
1706 4183 1710 4192 ·
