4106 4974
1599 445 1669 539 245

264 632 369 698 habet
391 633 457 696 vat
478 635 508 696 6.
527 639 582 696 est
606 593 717 698 nobis
733 629 829 696 Eich.
850 653 960 715 quam
979 581 1113 717 paucis
1134 630 1317 697 absolvam
1342 633 1391 698 Fl.
1414 636 1573 723 17.fides
1592 637 1670 732 ejus

264 736 330 804 rei.
349 747 413 812 etc,
433 737 597 802 solemnis
610 736 760 802 formula
780 737 1040 823 historicorum,
1069 735 1132 801 ubi
1152 757 1226 801 rem
1249 737 1391 806 dubiam
1411 761 1477 826 pro
1499 751 1592 810 certo
1618 745 1671 808 at.

264 843 402 908 firmare
419 843 551 908 volunt.
577 843 771 910 clusense.
791 844 832 928 Ω.
850 846 890 911 N.
910 860 939 920 4.
957 849 991 924 ³3
1011 844 1103 908 Plin.
1121 845 1166 907 H.
1183 847 1223 912 N.
1247 845 1297 906 rb.
1317 867 1344 906 1.

345 951 424 1032 Cap.
444 947 565 1012 XVIII.
606 943 758 1011 Gaetuli
776 955 813 1011 et
837 943 978 1037 Libyes.
1006 949 1066 1018 cfr.
1091 951 1256 1032 Pompon.
1278 949 1371 1012 Mela
1397 972 1424 1015 r.
1446 966 1483 1031 43
1516 952 1669 1024 Plinii.

263 1057 304 1118 Ν.
324 1055 359 1136 5,
380 1069 417 1137 4,
444 1055 464 1114 6
484 1061 517 1115 et
537 1054 567 1115 8.
590 1051 637 1124 id.
656 1053 690 1136 ⁵,
712 1073 741 1116 a.
778 1058 811 1118 et
834 1075 889 1137 rr,
911 1058 965 1133 ¹³3
992 1055 1121 1118 Herod.
1143 1069 1178 1136 4,
1203 1055 1270 1134 159.
1296 1056 1411 1116 168-
1430 1057 1497 1138 189.
1519 1053 1670 1125 inculti·

266 1179 343 1240 que.
363 1179 432 1241 que
452 1179 520 1223 om.
544 1159 618 1226 Vnt.
638 1159 666 1225 ⁵.
691 1157 815 1242 placet.
836 1154 917 1240 quis
935 1159 1139 1224 confirmant
1159 1161 1235 1225 Vnt.
1258 1179 1286 1227 r.
1307 1177 1336 1222 r.
1354 1157 1492 1250 legibus
1512 1174 1579 1227 aut
1603 1163 1669 1228 im·

256 1259 367 1347 perio
382 1265 466 1330 Veh.
485 1286 512 1327 r.
526 1259 827 1346 bumipabulum.
853 1264 933 1328 ride
948 1266 1084 1328 Festum
1103 1284 1129 1328 s.
1143 1286 1175 1327 v.
1193 1264 1380 1340 ..Numidas
1397 1267 1560 1354 dicimus,
1581 1289 1668 1352 qnos

264 1367 375 1434 Graeci
395 1372 582 1453 Nomadas,
612 1368 683 1433 sive
701 1371 797 1452 quod
824 1369 861 1432 id
889 1389 997 1456 genus
1029 1369 1213 1434 hominum
1240 1371 1423 1456 pecoribus
1454 1376 1667 1463 negotiatur,

262 1473 335 1540 sive
351 1476 446 1557 quod
469 1475 586 1562 herbis
600 1482 640 1538 ut
657 1494 781 1558 pecora
799 1475 973 1540 aluntur.t
995 1496 1069 1558 qua
1082 1495 1168 1542 nox.
1188 1477 1265 1543 Vat.
1284 1496 1312 1542 ι.
1331 1493 1360 1545 a.
1376 1481 1406 1541 3.
1427 1493 1457 1554 4.
1477 1481 1506 1541 6.
1529 1483 1620 1544 Med.
1637 1505 1665 1556 r,

262 1595 293 1656 4.
316 1581 345 1642 6‘.
366 1581 451 1646 Ven.
474 1601 501 1642 r.
522 1579 616 1642 Eich.
648 1601 719 1662 quo
740 1582 833 1645 Med.
854 1601 883 1662 9.
902 1583 977 1650 Vat.
1003 1583 1031 1650 b.
1051 1583 1155 1666 Neap.
1174 1595 1203 1657 4.
1235 1601 1326 1662 quas
1344 1579 1436 1647 Med.
1459 1605 1508 1648 11.
1523 1586 1614 1650 Flor-
1640 1611 1666 1651 ι.

262 1685 359 1747 Barb.
376 1703 405 1748 a.
421 1700 451 1760 t.
471 1687 499 1749 ⁵.
520 1685 694 1767 ceterique
715 1685 829 1751 Italici
845 1685 940 1750 libri.
981 1687 1148 1771 Quaenam
1161 1685 1265 1749 lectio
1283 1685 1496 1770 preferenda
1511 1692 1666 1759 dubium.

261 1791 322 1857 sed
347 1812 419 1873 quo
446 1791 671 1856 librariorum
700 1809 817 1856 errore
837 1791 1003 1875 scriptum
1023 1789 1128 1854 fuisse
1145 1790 1291 1854 videtur.
1320 1783 1403 1873 quis
1421 1813 1499 1858 nox
1520 1803 1582 1860 etc.
1599 1797 1669 1863 ele-

262 1896 461 1980 gantissime
479 1896 626 1979 dictum,
652 1913 766 1976 neque
781 1913 802 1957 a
815 1894 954 1959 Salustii
974 1894 1224 1960 consuetudine
1238 1895 1404 1976 alienum.
1444 1898 1511 1964 Sed
1532 1920 1576 1965 nc
1588 1903 1670 1964 Con

263 1999 304 2064 tii
345 2000 487 2081 quidem
526 1999 847 2086 interpretationem
892 2001 1177 2086 Improbraveris,
1217 2001 1280 2083 qui
1309 2003 1445 2086 locum,
1485 2004 1524 2066 in
1563 2026 1668 2087 quem

262 2107 502 2192 convenerint,
532 2107 707 2192 designari
729 2107 861 2185 statuit3
893 2109 960 2170 hoc
988 2106 1082 2170 enim
1104 2106 1291 2170 Salustium
1315 2107 1528 2193 significare,
1556 2113 1669 2177 nullas

263 2213 386 2276 domus
416 2231 437 2274 a
466 2212 624 2276 Numidis
648 2220 831 2276 exstructas
859 2210 977 2290 luissc3
1013 2215 1108 2292 quod
1136 2210 1278 2295 quidem
1299 2214 1464 2279 adverbio
1478 2219 1669 2281 accuratius

263 2335 369 2398 quarn
390 2317 534 2382 relativo
554 2316 702 2402 exprImi
721 2317 817 2380 dicit.
837 2315 895 2381 cui
914 2317 966 2381 rei
987 2317 1150 2403 prasidio
1172 2326 1223 2385 est
1242 2319 1327 2404 hoc,
1348 2323 1443 2402 quod
1455 2328 1528 2384 turn
1540 2337 1670 2413 cogere

261 2422 429 2507 primaria
453 2422 726 2509 significatione,
757 2422 888 2488 dictum
906 2434 973 2504 est3
1007 2427 1103 2508 quod
1127 2432 1160 2489 et
1175 2425 1288 2509 ipsum
1307 2425 1504 2490 Salustiano
1529 2427 1670 2493 dicendi

261 2527 384 2614 generi
396 2537 674 2599 consentaneum.
695 2530 826 2595 accedit
845 2531 1001 2614 quinque
1021 2531 1265 2596 vaticanorum
1278 2530 1450 2612 librorum
1472 2535 1668 2604 auctoritas.

261 2654 369 2717 quare
394 2655 504 2721 prope
532 2637 644 2722 abest,
678 2636 766 2719 quin
791 2643 826 2700 et
854 2635 928 2720 ipse
955 2635 995 2698 in
1022 2635 1134 2699 Gortii
1161 2643 1274 2720 partes
1302 2643 1480 2703 transeam.
1521 2639 1670 2706 Hercu-

263 2741 323 2805 les.
351 2744 395 2806 de
415 2749 511 2805 tanto
529 2742 636 2806 heroe
649 2740 770 2826 silere,
790 2759 895 2824 quam
915 2757 1038 2826 parum
1058 2739 1172 2806 dicere
1193 2739 1317 2806 melius
1338 2751 1434 2826 puto.
1456 2741 1516 2805 cfr.
1533 2745 1670 2809 Hecrcn

261 2847 370 2911 Ideen
385 2845 474 2909 iiber
493 2827 634 2914 Politik.
649 2849 714 2914 Th.
730 2869 755 2909 1.
776 2869 810 2928 p.
827 2849 905 2924 6463
923 2842 996 2908 sibi
1015 2842 1175 2928 quisque.
1198 2841 1349 2926 quisque
1368 2865 1436 2909 om.
1454 2849 1546 2916 Med.
1567 2871 1597 2928 7.
1614 2869 1670 2914 ce-

264 2951 330 3014 teri
347 2968 467 3015 omnes
484 2952 528 3013 ad
548 2969 657 3013 unum
682 2938 842 3015 retIne'nt.
865 2948 1001 3014 Curtius
1029 2945 1162 3030 quique
1179 2949 1349 3033 reposuit,
1378 2969 1454 3032 quae
1474 2952 1670 3030 conjectura

264 3064 303 3117 ut
322 3055 464 3118 aGodd.
484 3054 682 3118 testimonio
699 3053 845 3136 recedit,
870 3051 919 3116 ita
943 3052 1094 3116 incertae
1116 3053 1329 3117 auctoritatis
1354 3054 1500 3118 formam
1522 3057 1670 3122 salustio

263 3159 430 3228 obtrudit.
449 3161 509 3223 scd
529 3157 630 3224 facile
646 3157 743 3222 locus
761 3157 926 3242 explicari
941 3165 1067 3242 potest,
1089 3155 1118 3220 si
1141 3153 1291 3240 quisque
1299 3177 1364 3242 pro
1386 3156 1585 3245 quibusque
1596 3163 1671 3227 dic·

263 3275 338 3330 tum
357 3283 428 3332 esse
446 3273 554 3351 putas.
583 3266 753 3347 adquam
775 3263 1026 3350 interpretandi
1046 3263 1216 3328 rationem
1234 3264 1389 3348 proxime
1418 3265 1548 3332 tustini
1573 3270 1671 3334 locus
1700 3261 1704 3268 ’

264 3372 411 3456 accedit,
431 3391 452 3436 a
475 3370 592 3436 Curtio
616 3371 789 3440 laudatus:
818 3377 941 3435 tamen
961 3368 999 3436 in
1019 3390 1170 3437 suorum
1190 3370 1342 3453 quisque
1360 3367 1545 3463 majorum
1567 3371 1670 3439 vesti·

261 3475 328 3568 gia
346 3471 548 3543 nitentibus
570 3477 649 3542 vide
666 3477 792 3542 Justin.
810 3493 867 3560 29,
890 3499 917 3540 r.
933 3478 967 3557 83
999 3477 1073 3541 Lis.
1094 3499 1143 3539 rr.
1164 3481 1214 3542 33.
1248 3469 1321 3539 sibi
1337 3496 1481 3558 quoque
1494 3480 1671 3565 tendente,

264 3580 487 3668 ut'pericula
503 3580 611 3666 prius
633 3583 807 3647 evaderet.
835 3582 913 3650 Tac.
933 3582 1057 3646 Annal.
1079 3603 1106 3644 1.
1123 3584 1173 3662 59.
1214 3581 1336 3646 Fama
1363 3578 1479 3646 dediti
1500 3580 1672 3673 Segestis,

177 3701 181 3710 ’
261 3694 309 3751 ut
326 3684 524 3769 quibusque
547 3686 678 3751 bellum
696 3681 818 3751 invitis
838 3695 906 3749 aut
924 3683 1153 3769 cupientibus
1177 3692 1275 3770 erat,
1305 3708 1368 3769 spe
1391 3689 1446 3750 vel
1464 3688 1591 3750 dolore
1610 3708 1673 3751 oc-

266 3788 413 3878 cipitur.
434 3793 525 3858 Flor.
547 3815 574 3855 1.
596 3814 625 3874 9.
642 3787 825 3875 proximis
841 3786 1040 3873 quibusque
1060 3787 1240 3876 correptis
1257 3799 1324 3888 ¹etc.
1344 3785 1512 3872 -Mcdi,
1533 3792 1671 3856 Persae

266 3895 473 3964 etArmeni.
500 3899 586 3963 haec
606 3897 722 3962 omnia
740 3895 910 3974 fabulosa3
932 3898 991 3960 sed
1000 3895 1071 3974 jam
1091 3915 1193 3980 supra
1214 3903 1265 3959 est
1277 3894 1464 3980 monitum,
1483 3892 1670 3962 Salustium

266 4002 306 4066 in
321 4004 473 4085 antiquis
493 4003 636 4088 subulis,
655 4023 732 4088 qua
750 4005 794 4068 ad
807 4002 963 4090 gentium
984 3999 1137 4085 origines
1154 4000 1344 4085 pertinent,
1365 4000 1581 4068 illustrandis
1600 4021 1671 4067 esse

266 4106 578 4193 diligentissimum.
610 4107 712 4174 intra
732 4109 931 4175 Oceanum.
965 4107 1003 4169 in
1024 4107 1068 4172 iis
1089 4107 1308 4193 regionibus,
1327 4127 1416 4190 quac
1434 4109 1572 4172 Oceano
1587 4125 1670 4190 pro·

264 4215 379 4280 xlmae
399 4224 492 4293 sunt,
514 4217 572 4280 scd
600 4215 781 4280 meridiem
800 4233 931 4298 versus,
958 4215 1053 4296 quod
1075 4212 1149 4298 ipse
1169 4222 1289 4278 auctor
1311 4213 1350 4278 iu
1372 4209 1594 4294 sequentibus
1614 4211 1670 4276 di·

1400 4380 1424 4430 it
