4106 4974
1606 388 1680 463 ³⁰9

279 577 344 646 pus
363 557 543 646 retuleris,
576 579 648 644 quo
676 559 770 650 leges
795 561 940 628 Licinia
966 565 1010 628 de
1036 561 1146 630 altero
1176 560 1319 628 consule
1337 557 1474 645 plebejo
1500 557 1579 626 late
1598 568 1691 626 sant.

279 663 341 739 cir.
362 665 462 730 ovid.
484 667 570 732 Fast.
587 687 616 736 1.
636 669 707 744 643.
726 677 760 734 et
780 669 868 734 Plut
886 669 1023 743 Camill,
1040 673 1093 751 39.
1114 665 1177 752 qui
1195 665 1340 757 μψίλιιι
1357 661 1461 740 attan
1480 683 1522 730 co
1534 673 1703 749 tempore·

268 767 382 835 luisse
402 771 498 836 dicit.
519 781 690 857 quartam,
709 772 972 860 auctoreLirio,
991 775 1288 861 plebscpatribns
1306 771 1443 838 secessit
1464 771 1511 834 ob
1532 789 1579 836 aas
1598 767 1683 834 alie·
1794 803 1798 810 ·

154 917 158 926 ·
278 895 373 948 num.
416 873 476 940 csr.
496 877 585 961 Epit.
603 879 641 939 Ι.
661 879 719 940 ΧΙ.
759 897 875 962 neque
894 875 1097 965 imperium,
1118 883 1201 946 cod.
1221 865 1449 946 Eichh.'neoe
1470 871 1572 942 urbis
1597 893 1687 940 eam.

277 985 352 1050 vat.
376 1001 406 1051 a.
426 981 548 1048 Eichh.
1028 1046 1036 1064 .
1260 1023 1263 1030 .

359 1090 442 1173 Cap.
462 1087 610 1156 XXXIV.
650 1087 718 1152 Pro
738 1085 943 1176 respondit,
967 1092 1063 1174 quod
1082 1091 1219 1156 cortius
1238 1087 1338 1170 ejecit
1356 1095 1390 1155 et
1409 1089 1559 1153 duorum
1577 1084 1690 1150 libro·

277 1214 354 1257 rum
378 1190 599 1277 testimonio,
615 1199 650 1257 et
668 1191 844 1259 similibus
864 1195 951 1260 locis
970 1217 1048 1281 quae
1067 1198 1146 1285 lug.
1170 1213 1239 1260 102·
1268 1215 1339 1278 ²⁰9·
1361 1215 1430 1258 ιιι.
1458 1193 1529 1258 Lir.
1541 1209 1572 1254 a.
1590 1191 1620 1252 8.
1637 1193 1689 1270 37.

279 1303 335 1384 52,
355 1295 743 1386 leguntur,‘permotus',
762 1299 802 1363 in
821 1299 1023 1366 Florentino
1045 1305 1075 1373 6.
1095 1310 1147 1368 est
1165 1302 1211 1369 li.
1229 1319 1293 1387 per
1312 1297 1557 1385 compendium
1578 1295 1687 1378 scrip-

277 1413 360 1468 tum.
390 1405 492 1470 Unde
510 1403 639 1488 aliquis
660 1403 839 1491 conjiciat,
858 1405 1019 1491 primitus
1038 1427 1060 1473 a
1079 1408 1227 1474 librario
1245 1409 1336 1476 hanc
1354 1407 1493 1472 literam
1517 1399 1689 1487 appictum

275 1510 399 1595 tuine,
427 1516 467 1573 ut
495 1528 688 1596 cognomen
707 1509 832 1574 Marcii
851 1511 1079 1598 significaret3
1100 1535 1178 1598 qua
1194 1505 1328 1602 postea,
1351 1514 1395 1578 ab
1417 1507 1608 1576 aliismale
1628 1504 1685 1568 in·

275 1616 422 1701 tellecta,
442 1607 611 1701 effecerit,
630 1623 670 1680 ut
689 1617 835 1682 verbum
862 1615 1114 1706 interponatur.
1129 1627 1243 1707 potest
1262 1619 1345 1685 addi
1365 1619 1470 1685 etiam
1486 1617 1571 1692 hoc,
1597 1628 1687 1697 praeg-

275 1720 396 1808 scntia,
417 1741 494 1805 quae
514 1729 712 1807 sequantur,
731 1724 813 1788 satis
832 1723 997 1811 probare,
1015 1726 1207 1811 perlectum
1226 1745 1298 1790 non
1317 1721 1543 1788 antecessisse.
1563 1733 1640 1798 quc
1658 1713 1690 1778 si

274 1826 331 1890 cui
340 1826 421 1891 satis
431 1827 533 1892 firma
540 1827 721 1912 ridentur,
738 1829 844 1908 velex
863 1829 1030 1896 hocloco
1051 1831 1217 1920 colligere
1235 1830 1328 1915 licet,
1346 1829 1441 1914 ipsos
1460 1824 1610 1911 optimos
1622 1821 1691 1884 San
1716 1819 1721 1829 “

275 1933 373 1998 tustii
397 1934 508 1999 libros
525 1931 621 1999 varie
650 1953 723 1999 esse
746 1933 985 2022 interpolatos.
1024 1937 1146 2008 velint.
1168 1937 1401 2013 Βιι1ι.ι.4.6.
1420 1931 1541 1997 sedin
1559 1926 1684 1992 melio·
1733 1920 1735 1924 ’

269 2059 351 2103 rum
380 2039 554 2104 librorum
574 2058 744 2104 consensu
772 2040 865 2105 nihil
892 2051 1001 2107 muto.
1019 2042 1146 2107 similis
1165 2049 1216 2107 est
1240 2037 1416 2104 Ciceronis
1435 2036 1532 2100 locus
1549 2035 1593 2096 de
1615 2021 1683 2092 Off·

276 2167 303 2207 ι.
324 2165 372 2209 ιι.
391 2141 564 2228 scripsit,
593 2153 637 2206 ut
655 2145 692 2208 si
703 2165 789 2208 'eum
805 2151 1004 2231 pateretur
1036 2143 1076 2210 in
1098 2141 1264 2211 exercitu
1287 2127 1477 2208 ¹remanere
1493 2180 1504 2223 ‚
1522 2133 1682 2205 secundo

273 2269 353 2312 eum
375 2244 512 2337 obliget
550 2243 707 2312 militiae
725 2249 1000 2316 sacramento.”
1028 2249 1093 2315 ubi
1122 2248 1331 2314 norissimus
1358 2245 1472 2312 editor
1498 2237 1681 2329 obligaret

175 2387 180 2394 ·
271 2339 418 2438 scripsit.
459 2348 668 2434 Massiliam
704 2348 744 2416 ia
774 2351 936 2420 erilium.
977 2355 1072 2420 hunc
1091 2374 1267 2421 rumorem
1288 2353 1332 2418 ab
1354 2349 1474 2416 amicis
1505 2345 1662 2412 Catilina
1753 2415 1758 2426 „

271 2477 426 2552 sparsum
454 2456 560 2523 tuisse
587 2466 716 2522 auctor
735 2465 785 2524 est
813 2459 947 2528 Cicero.
972 2462 1032 2525 Or.
1042 2460 1081 2526 in
1097 2461 1200 2526 Cata.
1225 2463 1255 2524 6.
1285 2478 1350 2545 pro
1364 2450 1573 2524 Massiliam
1597 2450 1680 2514 cod.

271 2549 428 2641 Rosa-tn
448 2561 579 2631 Asiam
599 2563 714 2628 habet.
756 2563 927 2630 conscius
935 2561 1031 2656 fuit.
1064 2567 1155 2632 Med.
1171 2567 1201 2628 6.
1222 2585 1267 2628 m.
1279 2583 1332 2650 pr.
1354 2567 1445 2626 esset
1465 2579 1510 2622 m.
1530 2573 1596 2622 sec.
1616 2555 1679 2618 ad·
1747 2609 1754 2618 .

195 2735 197 2742 ,
269 2671 394 2756 pinxit.
415 2667 454 2734 in
475 2670 565 2734 Flor.
580 2672 609 2738 6.
638 2670 783 2734 verbum
803 2665 1054 2736 substantivum
1072 2671 1191 2738 sedem
1210 2677 1330 2736 mutat.
1359 2685 1464 2750 qnam
1485 2664 1531 2728 ob
1551 2680 1626 2727 rem
1646 2666 1682 2728 et

270 2778 353 2860 quia
374 2777 657 2858 exsequentibus
684 2774 787 2840 facilc
813 2777 968 2862 suppleri
993 2785 1122 2863 potest,
1153 2777 1272 2841 Cortio
1292 2773 1477 2846 assentior,
1505 2767 1568 2849 qui
1590 2771 1681 2830 esset

270 2883 398 2947 omisit.
428 2885 514 2944 Nam
536 2900 608 2944 non
627 2880 742 2944 solum
762 2887 835 2962 est,
862 2887 968 2960 sunt,
988 2888 1118 2963 erant,
1145 2879 1332 2946 sedetiam
1351 2873 1448 2940 modi
1468 2866 1679 2950 conjonctivi

270 2997 426 3072 tempora
447 2985 581 3059 omitti,
601 3003 642 3050 cx
661 2983 741 3049 aliis
759 2984 829 3052 Sal.
849 2983 937 3049 locis
956 2983 1177 3072 intelligitur.
1197 2983 1259 3048 cfr.
1277 2985 1356 3066 lug.
1377 3000 1406 3043 c.
1419 2999 1470 3060 ⁷¹·
1488 2975 1555 3040 sed
1566 2991 1676 3053 quum

270 3091 340 3156 hae
358 3087 490 3156 literae
509 3089 676 3170 adlatae,
703 3085 814 3182 forte
834 3088 1027 3154 Nabdalsa
1047 3097 1111 3154 etc.
1132 3091 1158 3154 1.
1179 3090 1203 3152 l.
1224 3111 1250 3152 c.
1265 3089 1315 3152 63.
1347 3091 1384 3150 et
1400 3075 1518 3168 paene
1538 3074 1678 3162 impru-

270 3192 395 3270 dentia
414 3188 611 3258 admissum
620 3189 782 3284 saciacus
800 3189 1014 3284 miserabile.
1039 3193 1084 3278 Q.
1106 3191 1285 3261 Lutatius
1305 3189 1473 3262 Catulus.
1494 3180 1678 3252 clarissimi

269 3303 376 3388 patris
394 3299 488 3364 filius
507 3297 603 3367 haud
623 3299 808 3386 ignobilis,
829 3319 934 3383 quem
954 3300 1074 3370 Cicero
1095 3295 1164 3365 off.
1181 3323 1207 3364 ι.
1224 3315 1272 3362 ιι.
1292 3299 1353 3364 Cn.
1368 3291 1533 3377 Pompejo
1554 3306 1674 3374 parem

265 3408 410 3486 judicat.
448 3405 600 3486 ejusdem
628 3403 782 3492 insignes
805 3405 925 3470 laudes
943 3405 1020 3492 lege
1040 3407 1079 3471 in
1100 3408 1160 3471 Or.
1181 3403 1302 3468 Manil.
1323 3420 1397 3487 cap.
1412 3417 1463 3472 ιο.
1505 3393 1595 3462 talia
1620 3397 1675 3458 est

271 3510 334 3599 vir,
353 3512 513 3576 utnulla
526 3529 585 3574 ret
605 3497 716 3574 tanta
734 3505 785 3574 sit
804 3531 852 3576 ac
872 3520 950 3577 tam
971 3507 1141 3598 difficiles,
1164 3529 1273 3594 quam
1295 3505 1358 3573 ille
1376 3523 1452 3572 non
1473 3510 1509 3566 et
1517 3494 1674 3569 consilio

270 3627 395 3706 regere
415 3625 452 3682 et
472 3607 690 3704 integritate
712 3611 829 3694 tueri,
849 3623 887 3683 et
907 3613 1044 3684 virtute
1064 3617 1241 3706 conficere
1260 3607 1553 3698 potetatemilii
1573 3603 1677 3686 Lepi-

271 3720 308 3784 di
329 3721 366 3784 in
387 3719 568 3785 consulatu
588 3720 722 3809 collega
740 3727 814 3783 acta
833 3721 975 3785 Sullana
1000 3730 1120 3786 contra
1138 3739 1218 3786 eum
1238 3717 1404 3787 defendit.
1443 3711 1506 3776 cir.
1525 3711 1594 3774 Cic.
1615 3707 1676 3770 Or.

270 3827 310 3890 in
329 3829 399 3890 Cat.
416 3829 447 3888 3.
470 3845 518 3894 ιο,
549 3823 673 3888 Salust.
689 3823 780 3889 Hist.
799 3825 934 3912 Fragm.
954 3849 982 3888 ι.
1002 3847 1049 3907 ¹9·
1074 3823 1195 3906 Vallcj.
1210 3824 1341 3888 Patere.
1364 3839 1394 3884 ι.
1409 3823 1460 3883 3ι.
1499 3808 1677 3881 redditas·

270 3935 329 3996 dat
347 3931 480 3997 litteras
498 3931 561 4014 qui
577 3929 717 4015 scribit,
747 3929 862 3995 reddit
882 3931 1046 4018 nuncius,
1076 3931 1133 3997 cui
1153 3929 1287 3996 tradita
1307 3933 1397 3992 sunt.
1435 3917 1592 4004 nomine.
1611 3917 1674 3984 cir.
1730 3913 1735 3922 '

270 4036 339 4100 Cic.
351 4056 417 4121 pro
429 4037 585 4107 Murena.
606 4055 679 4123 cap.
693 4040 744 4101 33.
758 4037 979 4122 praesertim
1001 4035 1090 4102 talis
1110 4033 1184 4104 viri
1198 4031 1346 4104 nomine
1363 4036 1519 4122 rogatos
1545 4035 1579 4094 et
1598 4041 1675 4091 sac·

270 4139 351 4227 pius
371 4139 469 4208 alibi.
