4108 4976
387 397 466 482 526

392 601 446 662 tet
467 610 545 658 cum
565 585 719 676 genitivo
739 603 811 650 non
832 583 945 648 sotum
965 583 1059 668 apud
1077 581 1144 652 Sal.
1166 581 1324 648 TacItum
1349 585 1383 648 et
1400 577 1583 665 Vellejum,
1613 583 1675 648 ted
1693 581 1800 650 etiam

391 698 484 783 apud
512 695 626 779 iprum
656 691 857 756 Ciceronem
883 687 965 752 ratis
992 687 1152 770 frequens
1179 694 1238 751 est.
1267 681 1508 772 difficiliorem
1519 682 1621 776 sone.
1643 707 1717 755 erte
1735 691 1800 754 ha·

393 803 476 870 beat
507 801 599 866 Med.
616 793 739 864 uvat.
754 814 782 859 a.
798 798 829 858 5.
843 797 871 858 5.
888 788 977 879 fo're
997 789 1072 874 dg'ffi
1095 791 1219 858 ordine
1239 793 1482 856 mutatoMed.
1495 811 1525 872 7.
1538 811 1568 872 9.
1590 791 1676 856 Min.
1691 809 1721 861 a.
1731 788 1800 888 so-

392 931 433 975 rc
453 928 521 974 om.
542 907 633 970 Med.
648 917 677 980 4.
698 903 792 968 unde
815 907 908 966 recte
934 898 1086 985 colliges,
1105 896 1317 962 infinitivum
1337 897 1381 962 nb
1401 904 1540 962 auctore
1559 895 1725 962 omissum
1745 897 1800 964 br-

392 1015 469 1080 itte.
489 1007 655 1094 accipere
676 1001 872 1092 quivisset„
888 1005 962 1073 Vnt.
977 1007 1006 1068 5.
1026 1002 1208 1068 manifesta
1226 1003 1354 1090 glossa,
1383 1002 1433 1068 itu
1451 1001 1547 1068 enim
1572 1004 1679 1091 vulgo
1699 1005 1801 1090 loqui

392 1117 522 1196 tolent3
542 1118 603 1182 sed
623 1113 728 1179 etiam
746 1109 937 1198 perfectum
955 1109 1129 1176 usitatum.
1151 1127 1263 1193 equor
1273 1107 1471 1174 escendere.
1491 1107 1736 1195 corrigendum
1749 1118 1800 1178 eat

395 1244 436 1290 ex
444 1224 627 1305 Frontone,
647 1218 710 1302 qui
729 1217 778 1281 ite
798 1218 892 1281 huno
912 1216 1029 1280 locum
1048 1216 1177 1280 laudat.
1198 1217 1259 1282 ted
1277 1233 1323 1279 ne
1340 1231 1431 1279 unua
1448 1213 1591 1298 quidem
1604 1216 1709 1278 Codd.
1721 1236 1800 1280 oum

331 1383 336 1390 .
395 1345 437 1394 eo
458 1326 639 1394 consentit.
654 1317 864 1406 peditesque
880 1316 1065 1406 permti'ett'.
1085 1322 1161 1391 Vnt.
1175 1322 1204 1384 5.
1231 1325 1267 1386 et
1288 1319 1352 1386 ulii
1378 1337 1420 1386 ex
1445 1319 1534 1384 tull.
1562 1326 1713 1384 ceterum
1733 1322 1800 1386 boo

394 1451 468 1497 uon
486 1431 600 1496 solum
621 1431 666 1492 ad
680 1425 855 1511 Numidas,
874 1429 936 1492 aed
955 1427 1061 1493 etium
1079 1430 1124 1492 ad
1144 1429 1319 1492 Romanos
1337 1425 1498 1512 pertinet.
1518 1422 1579 1492 cfr.
1593 1441 1695 1510 supra
1709 1446 1738 1492 c.
1750 1429 1800 1492 5ι.

288 1605 290 1610 ,
396 1535 553 1604 caedere.
574 1534 597 1598 i.
613 1552 642 1599 e.
660 1531 775 1615 scrire,
793 1531 919 1597 vulnus
938 1531 1045 1596 alicui
1063 1531 1223 1619 infligere
1249 1531 1378 1619 gladio,
1408 1529 1533 1598 cresim
1543 1539 1722 1616 percutere
1734 1530 1801 1596 ali·

396 1661 510 1726 quem.
532 1637 765 1704 obtruncare.
786 1635 810 1704 i.
831 1655 863 1700 e.
880 1637 1057 1721 occidere,
1081 1637 1242 1703 maxime.
1257 1657 1336 1700 cum
1354 1634 1433 1718 quia
1454 1635 1622 1702 iuermem
1647 1635 1703 1700 vel
1723 1635 1802 1701 ino·

396 1746 517 1832 pineto
539 1741 692 1824 aliquem
712 1739 849 1804 occidit.
882 1738 942 1805 cfr.
962 1741 1029 1804 Sol.
1050 1743 1182 1828 Fragm.
1202 1742 1294 1828 apud
1312 1744 1401 1808 Nou.
1413 1761 1443 1822 9.
1456 1743 1488 1806 5.
1519 1735 1631 1806 ceteri
1647 1734 1721 1804 vice
1735 1761 1802 1825 pe·

396 1869 526 1918 corum
548 1843 879 1915 obtruncabantur.
899 1852 934 1910 et
951 1863 1055 1930 supra
1068 1849 1120 1912 65.
1139 1854 1291 1914 ceterum
1310 1847 1384 1912 haec
1394 1847 1439 1912 ab
1452 1846 1608 1910 hostibus
1622 1851 1716 1931 gnta
1728 1863 1802 1914 oete

396 1953 573 2022 neminem
585 1949 686 2038 fugit,
705 1951 766 2016 ted
784 1951 853 2014 hoc
872 1957 992 2018 auctor
1010 1951 1190 2018 obscurius
1205 1950 1377 2037 expressit.
1398 1946 1486 2035 quia
1499 1971 1653 2016 numero
1663 1953 1802 2036 plum.

396 2060 535 2147 (docter
554 2054 698 2139 omitto)
712 2055 805 2120 Med.
817 2071 847 2132 4.
869 2075 1058 2142 perperam.
1081 2053 1233 2142 denique
1245 2051 1423 2142 Romani,
1443 2065 1575 2122 veteres
1593 2053 1750 2140 nouique
1766 2061 1803 2120 et

397 2165 444 2232 ob
466 2185 509 2232 ea
527 2158 682 2230 tcientee
701 2155 796 2226 belli.
817 2161 907 2226 mira
927 2161 1067 2229 dicendi
1086 2161 1192 2248 rutio,
1218 2163 1257 2228 in
1284 2181 1353 2244 qua
1377 2163 1472 2226 baud
1492 2161 1668 2228 immerito
1695 2153 1802 2225 offen·

399 2269 527 2338 debant
546 2267 768 2353 interpretem
810 2266 1041 2334 nibilominus
1060 2275 1175 2335 tamen
1197 2267 1315 2334 omnia
1334 2287 1417 2333 rana
1437 2285 1510 2334 este
1526 2263 1804 2350 videntur,.libri

396 2371 566 2440 enimnil
586 2373 732 2438 variant.
750 2374 811 2438 aed
831 2371 915 2438 tatia
933 2373 1133 2442 testimonio
1152 2381 1248 2459 sunt,
1266 2393 1370 2458 quam
1389 2373 1495 2460 louge
1514 2372 1706 2439 Scluatiana
1725 2387 1802 2436 orn·

311 2561 320 2573 ¹
398 2479 450 2548 tio
469 2499 490 2544 a
509 2478 646 2565 vulgari
665 2496 823 2543 sermone
841 2479 988 2542 recedat.
1009 2473 1109 2562 orbib
1118 2474 1262 2571 secere.
1281 2480 1357 2547 Vat.
1371 2479 1401 2544 5.

480 2585 562 2666 Cap.
580 2582 728 2646 XCVIII.
747 2600 856 2663 quum
866 2577 1190 2670 familiarissimis.
1208 2586 1282 2652 haee
1300 2585 1376 2650 laus
1396 2585 1430 2650 ei
1450 2581 1616 2648 tribuitur
1635 2578 1804 2646 oumirri·

398 2685 499 2752 tione
517 2683 703 2766 nobilium,
721 2702 870 2762 quorum
890 2685 1027 2749 cohorti
1045 2687 1147 2753 multi
1162 2686 1306 2766 juvenes
1320 2689 1612 2773 adscribebantur,
1638 2688 1714 2751 loco
1738 2691 1808 2752 rto-⁸

398 2789 572 2874 hittoni,
600 2793 660 2854 sed
690 2785 776 2852 belli
804 2789 916 2854 nudes.
954 2808 1062 2870 quom
1085 2798 1217 2858 tamen.
1238 2797 1323 2860 Ven.
1338 2810 1367 2856 a.
1398 2787 1802 2860 remittere-instare.

399 2895 594 2962 Infinitivua
621 2913 688 2978 pro
711 2901 865 2979 tempore
885 2892 996 2958 finito.
1037 2895 1149 2961 Etiam
1176 2897 1299 2963 bacin
1319 2917 1357 2964 re
1372 2901 1570 2966 Graeeorum
1587 2897 1731 2984 vestigia
1750 2915 1804 2964 te·

399 3011 498 3069 cutus
518 3021 589 3068 esse
607 3000 745 3066 ridetur
769 2999 945 3070 Salustius.
969 3021 1094 3086 pauca
1111 2999 1336 3071 munimento
1353 3003 1565 3088 quaerebat.
1591 3001 1805 3090 elegantiori·

403 3129 459 3172 mn
479 3107 619 3172 Gruteri
640 3106 854 3190 emendatio,
883 3125 959 3188 que
990 3107 1145 3190 quamvis
1164 3107 1282 3193 paucis
1304 3109 1403 3174 libris
1423 3107 1660 3192 confirmatur,
1688 3116 1804 3174 tumen

400 3215 495 3278 haud
516 3213 622 3278 dubie
640 3211 749 3297 ipsius
767 3212 918 3276 auctorit
940 3214 1046 3276 verba
1067 3213 1226 3278 restituit.
1256 3215 1408 3302 uulgaris
1435 3213 1529 3282 enim
1548 3214 1664 3280 lectio:
1678 3233 1804 3297 pauca

401 3315 629 3384 munimenta
645 3317 797 3406 gerebat
816 3335 918 3382 sensu
938 3326 1040 3388 caret.
1073 3317 1202 3383 debinc
1223 3328 1386 3385 cunctos.
1405 3321 1490 3388 Ven.
1504 3324 1534 3384 5.
1549 3321 1662 3404 pleno
1672 3319 1806 3408 gradu.

400 3421 480 3486 vide
494 3422 567 3486 Liv.
585 3437 616 3498 4.
639 3426 691 3485 ³2.
721 3422 786 3487 Cic.
806 3424 1017 3509 Epp.12.1ti.
1046 3423 1070 3489 i.
1096 3443 1125 3492 e.
1153 3423 1257 3490 citato
1278 3444 1405 3512 gressu3
1424 3425 1633 3512 oppositum:
1658 3419 1802 3491 modico

399 3524 533 3611 gradu.
556 3525 939 3607 Plaut.Poen;3.1.19.
966 3525 1082 3609 effusi.
1104 3527 1130 3592 i.
1148 3549 1177 3594 e.
1204 3531 1369 3617 disperii,
1394 3551 1467 3595 non
1487 3528 1645 3598 conferti.
1654 3525 1805 3621 feroces

402 3636 528 3716 erant,
556 3628 662 3714 quod.
684 3628 775 3696 Flor.
791 3649 817 3690 1.
840 3638 949 3722 erant
968 3629 1073 3693 etiam
1085 3631 1172 3698 Ven.
1187 3645 1216 3707 4.
1233 3629 1386 3722 feroces
1405 3655 1489 3704 erce.
1508 3638 1599 3702 Med.
1612 3652 1643 3713 4.
1659 3656 1708 3698 ιι.
1728 3639 1806 3720 out,

401 3756 466 3820 pro
486 3744 608 3821 atque,
627 3733 699 3800 fere
720 3753 838 3800 omnes
859 3735 954 3820 libri,
973 3754 1050 3818 quae
1065 3737 1211 3802 mutatio
1232 3738 1336 3803 etiam
1356 3738 1443 3804 alibi
1468 3747 1517 3806 eat
1538 3741 1619 3806 ratis
1633 3739 1805 3824 frequent.

403 3859 449 3904 ac
469 3861 517 3908 ae.
539 3847 622 3908 Ven.
639 3865 665 3906 ι.
688 3863 735 3908 m.
752 3861 816 3906 sec.
841 3850 953 3926 atque
973 3843 1251 3911 om.Taurinens.
1271 3852 1306 3911 et
1325 3845 1417 3910 Med.
1433 3867 1481 3909 ιι.
1502 3849 1563 3912 aed
1577 3848 1645 3912 boo
1658 3845 1736 3914 fieri
1748 3843 1804 3912 vix

402 3950 530 4029 poteat3
558 3949 687 4032 quippe
710 3951 805 4031 quod
834 3951 879 4012 ad
897 3942 1048 4039 feroces
1067 3949 1232 4034 pertinet,
1253 3949 1316 4015 ubi
1334 3951 1528 4018 infinitivus
1548 3973 1622 4020 este
1640 3953 1804 4039 supplen-

279 4087 289 4097 .
403 4051 467 4115 dua
487 4057 547 4116 est.

484 4156 565 4238 Cap.
584 4155 698 4219 XCIX.
716 4151 901 4222 silentium
923 4157 1059 4224 batert.
1079 4158 1209 4224 dictum
1224 4177 1288 4242 pro
1298 4159 1456 4246 vulgato:
1477 4161 1535 4230 eil.
1550 4171 1688 4248 tenere,
1708 4157 1804 4228 otet-

401 4277 549 4323 nare.-
562 4262 628 4324 lux
649 4253 721 4326 uti.
740 4261 940 4332 Tauridem:
961 4283 1007 4330 ne
1024 4258 1334 4354 cigna-canere.
1356 4271 1509 4336 notanda
1519 4278 1704 4350 structum
1722 4283 1804 4334 nam
