4116 4970
1615 423 1665 517 ss

253 627 329 703 tur3
351 641 419 708 qua
439 626 580 708 quidem
602 625 640 690 in
661 648 699 694 re
718 626 886 694 Salustius
906 639 994 713 saepe
1014 625 1123 713 ipsius
1134 623 1351 712 Thucydidis
1364 621 1528 688 duritiam
1540 642 1669 707 aequas·

252 745 290 794 se
308 725 458 806 videtur.
497 734 722 819 Asperitatem
743 737 918 816 quandam
938 733 1107 798 orationis
1126 727 1300 798 affectasse
1321 727 1449 794 dixeris
1469 738 1668 794 auctorem,

254 841 293 898 ut
312 827 504 919 priscorum
523 842 761 903 Romanorum
782 838 997 903 severitatem
1019 847 1120 921 atque
1141 837 1343 924 gravitatem
1363 833 1473 920 ipsius
1493 833 1664 906 sermonis

253 939 343 1004 ratio
365 942 517 1008 referret.
546 947 623 1008 lam
644 946 738 1025 quod
759 943 1016 1027 Quinctilianus
1036 949 1174 1026 monet,
1194 944 1261 1005 hoc
1281 939 1488 1025 prooemium
1500 940 1546 1002 ad
1558 939 1667 1005 bisto-

253 1044 345 1108 riam
366 1067 437 1110 non
456 1048 648 1134 pertinere,
682 1057 772 1114 recte
793 1049 934 1131 quidem
951 1047 1121 1128 judicavit
1132 1090 1144 1133 ,
1171 1048 1201 1111 si
1221 1049 1265 1110 ad
1285 1049 1431 1112 eandem
1450 1065 1609 1110 normam
1629 1054 1664 1111 et

253 1148 368 1235 legem
390 1155 563 1232 quandam
584 1153 741 1216 omnium
760 1154 1006 1218 historicorum
1026 1154 1112 1217 libri
1133 1151 1294 1238 erigendi
1308 1160 1405 1232 sunt3
1424 1152 1664 1216 sedabSalus·

255 1251 298 1316 tii
318 1253 460 1340 ingenio
482 1259 689 1340 prooemium
710 1279 783 1323 non
803 1261 990 1323 abhorrere
1012 1258 1114 1322 facile
1141 1257 1341 1344 intelligas,
1371 1277 1447 1339 quar
1475 1255 1570 1319 enirn
1591 1255 1664 1333 ejus

254 1357 365 1422 animi
391 1358 527 1425 indoles
554 1362 645 1448 fuit,
682 1386 760 1428 cum
785 1365 937 1449 primum
964 1367 1009 1427 ad
1047 1364 1229 1428 historiam
1258 1363 1477 1428 scribendam
1507 1361 1664 1425 animum

254 1464 459 1550 appelleret,
477 1488 587 1550 pauca
605 1472 647 1532 de
669 1469 816 1533 consilio
837 1469 979 1553 praefari
999 1488 1135 1533 necesse
1155 1467 1288 1532 habuit.

378 1571 457 1655 Cap.
479 1575 519 1637 V.
553 1575 633 1638 Luc.
658 1575 795 1660 Sergius
816 1574 985 1659 Catilina,
1012 1571 1129 1636 nobili
1164 1572 1243 1636 loco
1271 1580 1371 1636 natus
1405 1569 1526 1654 (anno
1555 1569 1598 1633 U.
1629 1571 1665 1635 G.

254 1673 461 1758 ncxnvn)
503 1679 638 1763 (gentis
670 1680 764 1744 enim
795 1677 895 1764 origo
930 1680 974 1742 ab
1008 1679 1131 1742 Aeneae
1165 1675 1260 1740 socio
1289 1675 1435 1761 repetita
1461 1684 1533 1754 est3
1567 1673 1664 1754 cujus

255 1778 308 1844 rei
333 1780 497 1867 Virgilius
523 1792 642 1848 auctor
656 1784 741 1849 Aen.
755 1787 795 1850 V.
819 1801 887 1848 121.
902 1785 1144 1868 Sergestusque
1156 1785 1278 1846 domus
1289 1789 1402 1867 tenet,
1419 1799 1441 1844 a
1454 1799 1524 1863 quo
1545 1779 1664 1866 Sergia

256 1885 411 1969 nomen)
442 1907 609 1971 proavum
634 1888 759 1954 habuit
791 1891 946 1952 Marcum
965 1887 1150 1974 Sergium,
1178 1889 1221 1951 de
1245 1888 1341 1967 cujus
1370 1887 1498 1951 virtute
1531 1885 1666 1949 Plinius

263 1991 335 2077 agit
355 1991 399 2058 H.
420 1995 460 2055 N.
473 1995 547 2058 VII.
562 1995 610 2058 28.
631 1997 765 2061 Patrem
785 1993 892 2059 vitam
911 1994 949 2058 in
971 2003 1118 2078 egestate
1139 1993 1270 2078 degisse
1283 1994 1365 2057 inde
1377 1999 1490 2076 patet,
1510 1992 1604 2072 quod
1623 1990 1665 2074 Ω.

256 2095 376 2168 Cicero
391 2099 434 2160 dc
449 2098 619 2181 petitione
640 2103 836 2164 consulatus
850 2118 878 2162 2.
899 2099 1084 2161 Catilinam
1104 2107 1223 2159 natum
1238 2098 1276 2160 in
1286 2096 1393 2180 patris
1407 2103 1554 2181 egestate
1569 2094 1664 2156 dicit.

255 2200 298 2262 In
312 2199 473 2263 civilibus
488 2201 761 2267 dissensionibus
779 2225 799 2266 a
815 2204 918 2267 Sullae
932 2203 1088 2287 partibus
1107 2201 1217 2278 stetit;
1238 2219 1339 2282 aquo
1360 2199 1469 2261 Gallis
1488 2197 1664 2279 equitibus

255 2305 452 2392 praelectus,
470 2305 532 2387 qui
542 2307 752 2392 proscriptos
765 2307 1077 2392 persequebantur,
1095 2315 1128 2370 et
1137 2305 1315 2369 Caecilium
1326 2303 1455 2369 sororis
1470 2322 1538 2368 suae
1549 2302 1664 2399 virum

256 2409 410 2495 equitem
430 2413 629 2474 Romanum
652 2411 828 2476 nullarum
848 2411 1017 2497 partium,
1047 2419 1081 2477 et
1102 2413 1149 2475 M.
1169 2409 1319 2474 Marium
1339 2409 1584 2474 Gratidianum
1604 2427 1664 2472 ex·

257 2516 464 2600 cruciatum,
484 2517 554 2580 suis
575 2516 735 2582 manibus
756 2517 893 2582 occidit.
915 2517 975 2582 cir.
988 2517 1012 2585 l.
1027 2516 1050 2579 l.
1068 2539 1098 2581 c.
1111 2521 1141 2581 ³.
1160 2517 1251 2581 Flor.
1267 2517 1356 2581 Hist.
1366 2518 1427 2580 111.
1449 2533 1498 2579 ar.
1518 2514 1578 2577 fin.
1604 2515 1666 2579 Se·

256 2639 342 2686 neca
363 2624 406 2686 de
427 2623 480 2686 ira
501 2628 531 2688 3.
554 2624 602 2686 18.
630 2627 760 2688 Eodem
780 2624 875 2690 bello
896 2623 1009 2708 ipsum
1030 2622 1171 2686 fratrem
1192 2621 1396 2706 trucidarit,
1417 2621 1512 2701 cujus
1532 2617 1666 2683 facino-

256 2725 306 2790 ris
327 2727 541 2793 atrocitatem
561 2735 602 2791 ut
622 2729 771 2816 leniret,
804 2750 825 2792 a
843 2729 941 2792 Sulla
966 2727 1186 2813 impetravit,
1214 2736 1253 2791 ut
1273 2727 1375 2791 illum
1389 2727 1463 2808 jam
1490 2732 1667 2789 mortuum

257 2832 496 2916 proscriberet.
522 2834 582 2897 cfr.
602 2835 691 2899 Plut.
711 2835 810 2897 Sulla
830 2854 902 2918 cap.
918 2839 969 2896 32.
997 2843 1031 2896 et
1051 2834 1088 2895 in
1109 2834 1190 2898 Vita
1209 2833 1277 2895 Cic.
1298 2853 1326 2894 c.
1351 2851 1398 2892 ro.
1437 2832 1518 2892 Post
1536 2832 1667 2894 Praetu-

258 2955 356 3020 rm,
382 2959 487 3020 quam
508 2958 600 3002 anno
620 2939 854 3005 DCLXXXVI.
874 2944 1038 3024 gesserat,
1065 2935 1216 2998 Africam
1236 2932 1451 3020 provinciam
1478 2935 1527 2996 ita
1556 2933 1667 2996 admi-

260 3039 438 3126 nistravit,
458 3051 496 3104 ut
515 3043 806 3124 nequissimorum
824 3042 1009 3106 hominum
1030 3041 1211 3103 avaritiam
1237 3048 1341 3120 atque
1363 3036 1543 3101 audaciam
1563 3057 1665 3122 supe-

259 3144 396 3210 raverit.
428 3147 541 3230 Quare
560 3155 639 3230 post
660 3147 811 3210 reditum
834 3149 1102 3230 repetundarum
1122 3163 1201 3208 reus
1221 3142 1364 3208 nonnisi
1384 3143 1542 3208 maximis
1559 3143 1668 3230 largi-

260 3248 416 3315 tionibus
436 3245 567 3334 effecit,
587 3257 626 3312 ut
646 3251 750 3330 hujus
772 3249 927 3316 criminis
947 3250 1191 3315 absolveretur.
1209 3251 1295 3336 sed,
1313 3257 1353 3312 ut
1372 3249 1462 3314 bene
1483 3251 1523 3335 Ω.
1546 3249 1666 3314 Cicero

259 3351 284 3417 l.
304 3351 346 3438 l.,
366 3361 439 3417 tum
461 3374 562 3439 egens
583 3373 624 3418 er
644 3374 686 3418 eo
702 3354 837 3434 judicio
859 3355 1030 3440 discessit,
1056 3375 1161 3438 quam
1182 3355 1325 3438 quidam
1340 3354 1475 3435 judices
1494 3353 1567 3434 ejus
1588 3363 1669 3420 ante

260 3457 351 3523 illud
366 3457 538 3538 judicium
558 3459 709 3524 fuerunt.
744 3461 878 3546 Quibus
896 3461 1108 3526 facinoribus
1129 3479 1174 3526 ne
1186 3459 1264 3544 quis
1276 3461 1381 3525 fidem
1395 3463 1553 3546 deroget,
1573 3461 1669 3544 quod

260 3563 427 3628 Salustius
449 3566 581 3627 nullam
602 3585 722 3632 eorum
741 3565 825 3630 fecit
843 3567 1066 3632 mentionem.
1104 3566 1193 3634 Satis
1212 3567 1308 3634 enim
1327 3567 1450 3632 babuit
1471 3565 1510 3630 in
1530 3566 1669 3630 univer-

262 3685 339 3732 sum
359 3671 402 3734 de
424 3669 497 3749 ejus
517 3669 672 3734 moribus
693 3671 869 3756 disputare
896 3681 931 3737 et
959 3693 1035 3755 quae
1060 3672 1100 3737 in
1121 3691 1181 3738 ore
1208 3683 1311 3756 atque
1332 3691 1490 3738 sermone
1511 3671 1670 3734 omnium

264 3781 378 3860 erant,
398 3775 546 3839 consilio
566 3775 693 3839 omisit.
724 3781 842 3859 Neque
863 3777 968 3855 hujus
987 3777 1057 3841 loci
1079 3785 1151 3840 erat
1166 3776 1304 3864 singula
1317 3795 1534 3860 enumerare,
1556 3776 1616 3840 sed
1630 3773 1670 3840 id

262 3878 379 3964 potius
399 3890 472 3946 erat
496 3881 667 3967 agendum
695 3901 811 3944 rerum
831 3890 1002 3967 gestarum
1021 3879 1199 3966 scriptori,
1224 3891 1263 3946 ut
1283 3881 1407 3948 intima
1432 3882 1505 3965 ejus
1525 3880 1672 3946 consilia

264 3985 430 4072 aperiret,
452 3995 485 4051 et
505 3987 631 4068 quibus
651 3985 764 4052 initiis
783 3985 973 4072 profectus,
994 3996 1063 4049 tam
1083 3989 1214 4051 malum
1235 3997 1395 4054 eventum
1414 3989 1593 4076 habuerit,
1612 4009 1671 4054 ac-

267 4091 416 4158 curatius
436 4097 638 4177 exponeret.
679 4093 747 4159 Sed
766 4091 923 4159 Catilina
954 4100 1112 4155 naturam
1132 4113 1313 4177 moresque
1332 4114 1465 4160 summa
1491 4117 1569 4160 cum
1596 4101 1670 4160 arte

267 4195 488 4264 adumbratos
519 4215 591 4268 esse
621 4197 724 4268 facile
754 4219 964 4290 cognoscas,
992 4199 1216 4288 comparatis,
1245 4221 1322 4286 quae
1350 4201 1469 4269 Cicero
1495 4199 1603 4264 fusius
1633 4197 1672 4264 in

1204 4348 1226 4394 ο
