4116 4970
414 369 469 452 56

414 579 448 637 el
467 571 625 634 Diomed.
643 572 668 632 Ι.
690 587 766 656 pag.
781 571 851 634 361.
872 573 1006 636 Pulsch.
1046 573 1134 638 Hac
1155 572 1298 636 verbum
1319 595 1394 638 nan
1409 594 1483 658 pro
1504 569 1657 664 defendo
1679 579 1813 638 veteres

414 671 598 756 dicebant,
619 674 684 737 sed
700 696 771 758 pro
795 671 1043 740 animadverto
1064 685 1099 742 et
1114 675 1231 760 panio
1253 688 1295 740 ut
1316 676 1506 744 Salustius.
1528 689 1600 740 tum
1621 679 1737 742 laudat
1750 681 1813 740 Ca-

413 784 464 848 til.
482 803 512 860 9.
528 789 561 843 et
574 781 651 862 lug.
667 783 716 839 δι.
745 779 807 844 sub
833 779 893 848 lin.
925 777 1099 870 contagio
1121 781 1248 844 Charis.
1265 803 1343 868 pag.
1360 788 1411 859 34.
1445 783 1658 871 contagium
1679 790 1814 846 veteres

417 885 533 975 magis
554 891 804 964 usurparunt;
826 886 885 946 sed
899 883 966 946 Sal.
983 884 1239 974 contagionem
1262 883 1396 950 maluit
1417 885 1543 955 dicere.
1564 882 1725 969 Propius
1746 882 1812 948 vir-

415 991 492 1058 tuti
509 1009 627 1056 omnes
646 988 717 1052 fere
738 990 816 1054 Mss.
836 987 958 1062 Italici,
996 993 1055 1054 sed
1077 999 1266 1054 ceterorum
1287 993 1465 1055 librorum
1485 991 1666 1054 lectionem
1689 987 1813 1054 confir-

416 1108 486 1162 mat
499 1096 650 1159 Priscian
658 1095 778 1158 XVIII.
791 1116 824 1176 p.
839 1097 925 1172 1173.
942 1096 1024 1176 II.p.
1042 1097 1108 1157 188.
1118 1098 1179 1158 Ed.
1188 1098 1347 1160 Krehl.et
1360 1100 1461 1160 Corn.
1471 1099 1608 1158 Fronto.
1619 1096 1675 1156 Ex.
1682 1095 1811 1158 Elocut.

414 1224 440 1271 s.
448 1227 480 1267 r.
489 1202 552 1267 cle.
561 1204 638 1284 lug.
647 1221 673 1266 c.
687 1200 732 1260 18.
738 1194 893 1280 propius
901 1219 1002 1260 mare
1013 1200 1047 1262 A
1039 1195 1184 1287 fricum
1185 1197 1359 1284 proxime
1369 1197 1811 1286 Carthaginem-banus,

415 1307 565 1399 ignavus
586 1306 634 1366 ita
654 1307 729 1370 Vat.
742 1303 770 1364 5.
791 1303 911 1384 probo.
933 1297 992 1363 tic
1014 1301 1100 1383 quia
1120 1305 1209 1366 Flos.
1228 1329 1254 1372 1.
1285 1308 1344 1369 scd
1364 1305 1448 1367 lsuic
1471 1303 1669 1388 elegantius.
1698 1303 1810 1367 simile

414 1417 659 1476 Herodotcum.
671 1409 748 1477 Lib,
764 1407 818 1466 IX.
831 1425 899 1484 109.
916 1405 951 1493 'li
970 1401 1005 1472 tl
1024 1411 1120 1482 aas&
1145 1403 1211 1505 peip
1231 1405 1289 1478 ila
1309 1407 1445 1497 πανοικίῃ
1467 1406 1610 1494 φυέσθω
1630 1403 1708 1504 apic
1723 1407 1811 1480 taeta

416 1513 606 1613 &1256pr
646 1512 707 1576 eir.
727 1511 856 1572 Schula.
877 1512 920 1570 ad
945 1512 1038 1572 hunc
1058 1512 1172 1574 locum
1194 1523 1226 1576 et
1254 1515 1435 1597 Wopkens.
1455 1515 1545 1576 Lect.
1569 1512 1746 1576 Tullianae.
1775 1534 1806 1594 p.

419 1645 487 1701 ²¹7·
509 1613 697 1685 contendit
717 1615 739 1676 i.
762 1615 982 1698 elaborare,
1004 1617 1196 1700 elaborare,
1219 1639 1351 1694 curare3
1374 1607 1477 1681 etiam
1498 1619 1590 1701 apud
1610 1615 1808 1680 Ciceronem

415 1735 504 1792 eant.
526 1724 660 1804 labore,
688 1721 823 1804 animo,
850 1739 949 1802 voce,
972 1721 1067 1783 omni
1089 1741 1153 1804 ope
1176 1731 1236 1784 ctc.
1259 1741 1375 1784 sensus
1396 1721 1464 1784 loci
1485 1721 1679 1806 igiturest,
1706 1720 1810 1800 dolis,

301 1907 304 1914 Ι
415 1833 515 1896 malis
535 1829 651 1892 uti-ad
682 1845 754 1888 rem
789 1825 940 1906 aliquam
973 1828 1226 1906 assequendam.
1252 1822 1432 1910 pecuniae
1461 1823 1621 1889 studium
1655 1825 1762 1888 halet
1783 1824 1806 1890 i.

414 1959 445 2005 e.
467 1939 504 2000 in
525 1956 560 1999 se
581 1932 748 2013 continet,
777 1939 814 1990 ut
839 1931 927 1993 bene
958 1928 1102 1995 Cottius.
1130 1930 1205 2012 pari
1231 1934 1335 1994 modo
1365 1933 1446 1994 Cato
1477 1932 1569 2014 apud
1595 1930 1684 1996 Gell.
1701 1931 1754 1992 XI.
1779 1951 1807 1996 a.

416 2041 593 2108 avaritiam
614 2035 731 2100 omnia
753 2035 836 2096 vitia
858 2036 985 2096 habere
1005 2033 1182 2116 putabant.
1204 2055 1394 2118 cenenum,
1412 2035 1620 2099 vocabulum
1638 2032 1729 2120 pisa
1747 2032 1808 2093 cfr.

415 2149 491 2212 Aul.
513 2145 600 2210 Gell.
620 2142 694 2204 x11.
717 2159 918 2220 pneumam
959 2179 1029 2200 ...
1071 2157 1146 2200 non
1168 2139 1227 2200 uti
1245 2158 1344 2201 nunc
1366 2135 1557 2218 dicuntur,
1580 2159 1652 2220 pro
1674 2137 1809 2200 malum

416 2260 560 2317 tantum
583 2245 684 2311 dicta
706 2266 794 2328 esse,
816 2244 971 2307 multum
1001 2243 1246 2324 exemplorum
1268 2238 1479 2330 hujusmadi
1496 2239 1666 2325 reperias.
1707 2259 1811 2322 quare

416 2353 523 2421 malis
544 2373 613 2416 non
636 2360 674 2412 ut
693 2369 795 2432 supra
815 2369 842 2410 c.
856 2365 885 2424 4.
907 2347 997 2410 mala
1018 2347 1162 2412 ambitio
1177 2347 1491 2430 interpretandum,
1511 2349 1571 2410 sed
1594 2349 1660 2410 hoc
1680 2345 1809 2428 epithe-

413 2473 476 2526 ton
497 2457 717 2537 antiquorum
736 2453 919 2516 verborum
941 2450 1086 2514 amatori
1116 2451 1343 2544 necessarium
1373 2450 1485 2512 risum
1507 2459 1564 2513 est.
1597 2444 1811 2532 concupivit.

413 2562 547 2660 ,togatae
568 2569 605 2620 ut
625 2577 729 2638 supra
748 2551 901 2618 edocuit.
923 2566 1072 2616 ceterum
1094 2553 1349 2638 concupiscere
1372 2564 1420 2620 cst
1444 2575 1666 2640 magnopere,
1686 2555 1809 2618 intem·

413 2675 574 2752 perantes
595 2679 727 2740 cupere.
763 2676 895 2736 carpus
923 2653 1155 2738 animumque
1177 2655 1327 2720 virilem.
1363 2659 1545 2722 insolentia
1566 2660 1667 2739 hujus
1687 2658 1808 2720 dictio·

416 2773 470 2835 nis
486 2771 559 2849 jam
577 2766 739 2846 tutiquos
760 2757 998 2847 grammaticos
1017 2759 1175 2823 exercuit.
1198 2760 1257 2828 cfr.
1281 2762 1400 2826 Aulius
1422 2765 1553 2828 Gellius
1575 2769 1613 2830 N.
1637 2767 1674 2834 Α,
1700 2765 1756 2830 Ill.
1783 2785 1807 2828 1.

415 2877 476 2941 uhi
508 2871 633 2956 aliquis
661 2873 732 2932 haec
754 2867 802 2929 ita
824 2866 1064 2950 interpretatus
1093 2875 1169 2931 est:
1200 2888 1292 2951 quos
1321 2865 1480 2932 avaritia
1507 2864 1640 2930 minuit
1665 2877 1702 2930 et
1730 2887 1809 2930 cor-

415 2979 562 3066 rumpit,
584 2973 715 3062 quiquc
735 2995 772 3038 se
793 2973 1018 3054 quaerendae
1038 2971 1196 3055 undique
1209 2970 1391 3055 pecuniae
1408 2971 1641 3054 dediderunt,
1662 2991 1722 3034 cos
1731 2975 1809 3054 ple·

413 3107 546 3166 rosque
566 3080 635 3146 tali
653 3101 784 3168 genere
806 3075 897 3142 vitae
918 3073 1117 3160 occupatos
1139 3075 1303 3160 videmus,
1327 3085 1368 3139 ut
1390 3073 1503 3140 sicuti
1523 3073 1600 3140 alia
1624 3071 1661 3138 in
1684 3071 1723 3137 iis
1732 3097 1808 3140 am-

414 3188 478 3252 niu
495 3209 588 3269 prae
600 3181 780 3266 pecunia,
801 3181 856 3244 ita
870 3181 976 3244 labor
991 3203 1132 3263 quoque
1146 3179 1265 3244 virilis
1280 3178 1537 3264 exercendique
1553 3202 1719 3263 corpores
1730 3188 1807 3242 stu·

413 3289 514 3356 dium
535 3285 683 3353 relictui
701 3283 760 3350 sit.
774 3321 816 3337 -
828 3280 1049 3346 insatiabiles
1070 3293 1132 3346 est.
1154 3287 1298 3346 verbum
1320 3285 1517 3348 omiserunt.
1529 3287 1603 3350 Vat.
1622 3287 1649 3350 5.
1670 3292 1702 3346 et
1720 3282 1806 3348 Flor.

419 3417 446 3456 1.
467 3370 527 3474 i1ui
549 3393 652 3456 ctiam
674 3385 853 3454 insatiata
881 3387 995 3455 habet.
1018 3407 1094 3448 cum
1116 3395 1258 3466 uterquc
1280 3387 1369 3448 liber
1390 3409 1429 3450 cx
1461 3387 1663 3451 melioribus
1682 3387 1744 3470 sit,
1773 3395 1806 3450 et

414 3487 578 3560 numerus
598 3494 722 3557 omisso
733 3494 836 3555 verbo
850 3490 1026 3553 incitatior
1036 3491 1116 3572 liat,
1137 3494 1261 3554 horum
1290 3505 1320 3554 ct
1344 3493 1452 3554 Cortii
1473 3494 1630 3554 codicum
1650 3493 1759 3552 Senat.
1776 3513 1804 3552 a.

413 3605 484 3670 Bas.
498 3608 527 3668 3.
539 3599 773 3662 auctoritatem
780 3597 874 3658 haud
885 3593 1014 3656 invitus
1026 3613 1158 3674 sequor.
1180 3615 1268 3678 nam,
1284 3607 1319 3656 ut
1329 3596 1401 3674 jam
1410 3595 1650 3680 supramonui,
1662 3595 1805 3658 maxime

414 3711 551 3789 quando
573 3706 666 3770 aliud
687 3703 829 3766 verbum
861 3699 1015 3783 sequitur
1034 3699 1200 3762 Salustius
1222 3722 1294 3763 esse
1315 3701 1449 3781 omisit,
1470 3698 1624 3782 apposite
1645 3703 1678 3760 C.
1690 3701 1805 3760 laudat

414 3833 444 3882 c,
465 3818 513 3890 39.
528 3809 644 3893 plebis
664 3831 748 3894 opes
765 3804 993 3889 imminutae,
1010 3826 1210 3888 paucarum
1225 3801 1397 3886 potentia
1419 3806 1539 3866 crevit.
1558 3804 1634 3888 lug.
1664 3824 1734 3886 cap.
1756 3807 1804 3864 50.

415 3914 478 3978 ubi
498 3911 675 3977 Numidas
702 3907 861 3994 quietos,
890 3930 1004 3990 neque
1033 3911 1126 3971 colle
1138 3906 1281 3994 digredi
1300 3903 1570 3970 animadvertit.
1608 3909 1659 3968 De
1680 3927 1716 3969 rc
1744 3905 1802 3972 etr.

414 4019 481 4082 Cic.
503 4018 600 4080 Tusc.
619 4018 675 4078 IV.
701 4038 745 4076 ιι.
776 4016 835 4094 Ep.
853 4013 897 4074 ad
917 4013 996 4072 Caes.
1016 4014 1058 4073 de
1079 4014 1162 4094 Rep.
1186 4011 1267 4071 Ord.
1291 4013 1331 4072 11.
1355 4033 1383 4088 7.
1417 4019 1563 4091 recepta
1583 4009 1667 4072 dicit
1687 4019 1804 4073 auctor

414 4122 578 4189 consili0.
599 4132 670 4180 non
691 4125 819 4198 capta,
840 4117 933 4195 quod
953 4114 1047 4175 Sulla
1068 4113 1333 4198 rempublicam,
1355 4114 1457 4176 Marii
1478 4113 1663 4196 Cinnaque
1686 4125 1803 4198 tyran-

413 4231 496 4292 nide
516 4224 751 4291 labefactatam
771 4229 803 4281 et
821 4237 917 4302 paene
938 4236 1101 4297 eversam,
1128 4217 1165 4280 in
1186 4217 1379 4280 libertatem
1399 4218 1588 4280 vindicasse
1608 4218 1801 4301 putabatur.

413 4330 517 4395 banis
538 4323 663 4394 initiis.
697 4328 885 4406 Locorum,
905 4341 981 4405 qua
1001 4321 1109 4384 multa
1129 4321 1262 4386 Curtius
1283 4322 1452 4405 laudavit,
1474 4332 1511 4384 ut
1532 4325 1684 4404 doceret,
1700 4317 1802 4386 banis
