4108 4976
1599 395 1673 470 253

335 594 733 693 esp.totv.utteom.
766 595 968 660 demutata
994 595 1164 656 structura
1185 589 1267 654 ride
1286 606 1397 674 rap.
1382 629 1409 673 f.
1401 587 1542 654 .initio.
1564 583 1675 655 isdem

275 702 359 772 illis.
380 703 455 771 illis
481 725 550 772 om.
579 705 664 770 vm.
680 718 711 780 4
730 704 805 770 Vnt.
825 725 854 764 ι.
869 703 899 765 ⁵.
920 700 1018 786 salso.
1049 719 1129 762 nam
1147 693 1222 762 illis
1240 695 1416 774 additum,
1445 703 1486 758 ut
1504 695 1696 782 significu-¹

203 826 207 834 '
274 821 336 896 ret,
356 803 476 877 comm
491 811 564 890 jam
584 810 707 895 saepius
727 807 937 871 mentionem
959 825 1031 870 esse
1050 804 1185 868 factam.
1207 799 1316 867 isdem
1336 799 1678 886 simpliciterponere

268 915 399 981 'durius
425 924 514 1000 erat,
545 937 623 977 enm
649 915 688 978 in
715 912 872 998 proxime
901 911 1180 974 antecedentibus
1201 926 1259 972 eos
1279 925 1351 969 non
1370 914 1679 974 commemorasset.

275 1024 357 1088 vide
378 1041 450 1106 cap.
468 1024 517 1083 nil.
539 1021 616 1084 init.
648 1015 739 1083 idem
761 1015 821 1082 illi
838 1012 1001 1080 ministri
1016 1012 1124 1104 regis.
1154 1015 1229 1077 tale
1250 1033 1328 1076 eum
1349 1033 1469 1078 omnes
1483 1015 1569 1079 libri
1588 1015 1679 1078 Itali.

215 1117 223 1126 ’
277 1128 462 1204 retineant,
481 1126 586 1188 unius
606 1123 734 1188 codicis
754 1122 822 1188 fide
839 1123 930 1186 hane
948 1137 1068 1185 vocem
1089 1120 1212 1202 ejicere
1233 1139 1304 1182 non
1325 1137 1426 1184 ausus
1445 1140 1531 1183 sum.
1563 1124 1682 1202 Neque

274 1233 317 1297 id
339 1233 545 1297 laborabant,
552 1229 642 1316 regis
652 1230 814 1316 fautores,
832 1238 871 1293 ut
881 1229 1017 1292 nullum
1031 1229 1205 1292 decretum
1218 1225 1330 1312 fieret,
1349 1230 1408 1290 sed
1421 1247 1465 1292 ne
1474 1227 1513 1290 in
1524 1225 1596 1305 ejus
1604 1245 1683 1290 sen·

279 1337 439 1421 tentiam,
470 1336 532 1418 qui
556 1335 689 1422 primus
714 1338 921 1422 iugurtham
947 1317 1164 1420 puniendum
1193 1352 1265 1398 esse
1299 1342 1492 1410 censuerat,
1528 1331 1684 1397 diseede·

280 1451 367 1507 rent.
404 1441 442 1506 in
456 1442 642 1525 pler-rique
661 1437 819 1532 negotiis
838 1442 862 1505 i.
885 1461 913 1506 e.
932 1442 1154 1527 plerumque3
1179 1438 1253 1519 jum
1282 1440 1405 1524 saepius
1425 1448 1475 1504 est
1494 1439 1684 1524 monitum,

280 1547 466 1612 Salustium
486 1549 550 1611 hac
569 1567 653 1612 voce
672 1548 858 1632 sepissime
878 1547 946 1632 uti,
967 1547 1031 1611 ubi
1051 1545 1157 1612 ceteri
1176 1545 1357 1630 scriptores
1376 1543 1483 1607 rebus
1501 1545 1557 1609 vel
1572 1543 1685 1608 solum

283 1653 482 1720 adverbium
502 1656 641 1720 habent.
662 1649 850 1722 devictum.
868 1652 892 1716 i.
913 1673 942 1716 e.
963 1671 1161 1737 perversum
1181 1652 1291 1712 Plaut.
1302 1653 1426 1713 Pseud.
1442 1671 1469 1710 ι.
1487 1654 1516 1712 3.
1534 1667 1581 1712 ιι.
1611 1669 1688 1714 cer·

285 1765 363 1821 tum
383 1756 570 1824 hominum
592 1756 747 1824 consilia
767 1762 849 1822 sola
871 1753 1025 1820 devincit
1036 1753 1213 1874 fortuna.
1240 1755 1345 1819 etiam
1371 1774 1546 1836 superare
1564 1754 1688 1837 saepius

284 1862 334 1925 ita
354 1863 490 1926 dicitur.
523 1871 678 1928 senatus
693 1861 867 1946 princeps
896 1861 987 1924 Med.
1011 1882 1041 1941 7.
1069 1857 1117 1924 in
1136 1865 1267 1922 senatu
1283 1863 1417 1941 potens
1434 1860 1510 1925 Vct.
1529 1874 1557 1918 s.
1578 1863 1607 1921 5.
1627 1861 1689 1924 sed

286 1977 457 2051 receptam
476 1969 660 2034 lectionem
681 1967 784 2053 louge
806 1963 950 2051 plurimi
969 1953 1054 2028 libri
1068 1963 1269 2028 defendunt.
1290 1963 1391 2044 quod
1406 1983 1473 2025 ren
1493 1960 1532 2026 in
1553 1959 1690 2027 invidia

285 2075 371 2140 Ven.
388 2089 418 2150 4.
438 2077 513 2141 Vat.
535 2097 561 2138 ι.
576 2091 605 2136 s.
643 2073 681 2138 id
701 2093 772 2136 ιιοιι
790 2093 856 2157 pro
875 2072 1039 2135 varietate
1064 2069 1224 2133 lectionis
1243 2070 1459 2150 habendum,
1486 2055 1547 2131 sed
1564 2068 1690 2132 solem·
1715 2054 1717 2058 ⁷

287 2178 327 2240 ni
346 2179 599 2262 permutatione
618 2179 796 2242 literarum
815 2197 834 2241 s
854 2184 890 2240 et
907 2197 934 2239 sc
953 2175 993 2237 in
1013 2182 1141 2238 textum
1170 2173 1274 2238 venit.
1306 2171 1531 2237 oscendere*
1518 2193 1558 2234 ιιι
1576 2174 1691 2238 omni-

288 2283 353 2345 bus
373 2291 423 2346 est
442 2283 543 2346 libris
561 2293 596 2347 et
616 2283 772 2366 quamvis
793 2280 980 2346 escendere
997 2278 1080 2342 aliis
1098 2279 1185 2342 locis
1203 2280 1309 2341 codd.
1330 2278 1532 2343 auctoritate
1546 2279 1627 2364 satis
1640 2288 1691 2346 est

289 2390 563 2473 comprobatum,
592 2399 707 2453 tamen
733 2389 800 2452 lroc
825 2405 889 2472 per
906 2383 1140 2465 conjecturam·
1156 2381 1290 2448 auctori
1310 2383 1495 2450 obtrudere
1515 2385 1692 2451 temerari-

289 2513 350 2557 um
370 2495 429 2565 est.
464 2503 598 2574 eontra
625 2492 808 2577 inceptum
836 2492 860 2555 i.
881 2511 911 2557 e.
931 2491 1076 2576 inceptis
1103 2490 1175 2569 ejus
1195 2489 1333 2554 obuiam
1355 2490 1462 2571 irent;
1497 2491 1622 2556 similis
1641 2473 1694 2556 est

289 2599 439 2665 locutios
460 2596 596 2691 faeere
624 2600 758 2665 contr'a
778 2592 937 2680 aliquem
958 2595 1027 2659 Cic.
1047 2597 1131 2680 Epp.
1157 2615 1203 2658 ιο.
1219 2616 1256 2676 93
1290 2605 1409 2661 auctor
1436 2588 1694 2682 simplieitatem

289 2707 463 2786 quandam
488 2705 595 2790 prisci
621 2704 791 2770 sermonis
820 2703 1009 2788 exprimere
1027 2701 1178 2766 voluisse
1202 2701 1348 2766 videtur.
1378 2699 1536 2768 diversus
1555 2704 1694 2791 agitub.

292 2807 352 2872 cir.
374 2814 448 2873 Cat.
462 2827 491 2871 u.
511 2811 589 2874 init.
611 2811 673 2874 cir.
694 2811 768 2873 Liv.
789 2813 844 2893 26,
867 2811 902 2888 53
924 2805 1069 2871 animus
1089 2827 1156 2870 om.
1171 2809 1256 2870 Ven.
1279 2812 1309 2869 3.
1330 2803 1548 2890 rapiebatur
1561 2809 1652 2870 Med.
1662 2821 1692 2882 4.

292 2935 322 3006 7.
336 2917 412 2979 Vat.
425 2935 452 2982 ι.
464 2917 609 2991 ι.3.4.5.
638 2916 728 2981 1·Ἱοι·.
747 2937 772 2975 ι.
792 2915 852 2976 sed
873 2912 1174 2996 ceteri'vulgatum
1191 2914 1428 2996 comprobant.
1448 2907 1694 2998 ni-legutis.

291 3019 365 3084 haec
392 3019 528 3083 Curtius
558 3019 656 3082 nulla
683 3019 809 3082 idonea
836 3029 934 3079 causa
960 3027 1135 3102 permotus
1155 3015 1293 3078 uncinis
1313 3015 1463 3078 inclusit.
1499 3035 1578 3077 nam
1599 3017 1694 3096 quod

291 3123 398 3187 initio
426 3124 551 3208 cepitis
568 3123 698 3187 similia
716 3115 895 3206 leguntur,
921 3124 989 3183 hoc
1008 3129 1216 3205 argumento
1232 3139 1304 3184 esse
1320 3139 1397 3207 non
1415 3129 1536 3205 potest.
1572 3136 1692 3205 porro

293 3229 398 3293 h'abet
417 3229 488 3292 rim
507 3225 743 3314 conjungendi
761 3225 944 3304 sermonis;
961 3209 1139 3304 'sedinest
1155 3226 1193 3289 in
1213 3225 1268 3289 his
1289 3229 1695 3318 quoquecertnquaedam

295 3335 466 3398 orationis
482 3333 695 3418 simplicitas.
715 3333 806 3416 apud
828 3331 915 3393 alios
933 3329 1114 3414 scriptores
1135 3340 1168 3394 et
1188 3351 1290 3414 supra
1308 3333 1378 3393 Get.
1391 3353 1418 3395 c.
1430 3333 1479 3406 46.
1501 3332 1697 3394 antemod-

295 3440 406 3502 ditum
429 3449 498 3504 ests
527 3439 677 3502 diducta
704 3437 728 3500 i.
750 3457 779 3500 e.
807 3435 845 3499 iu
872 3455 992 3500 omnes
1018 3445 1133 3519 partes
1159 3435 1324 3499 menium
1350 3437 1518 3519 dispersa3
1537 3435 1598 3498 cir.
1617 3437 1695 3502 Tac.

295 3547 384 3609 Αιιιι.
401 3564 430 3608 a.
448 3567 496 3606 ιι.
524 3542 745 3606 distantibus
764 3537 856 3606 loeis
876 3537 1021 3624 invecti,
1049 3550 1093 3603 ut
1112 3542 1250 3606 hostem
1271 3538 1492 3605 diducerent.
1515 3546 1593 3606 Caes.
1604 3543 1638 3603 B.
1655 3541 1696 3602 (i.

297 3631 390 3717 bib.
411 3645 647 3713 dimittendae
661 3648 788 3730 plures
807 3667 938 3711 manus
960 3643 1221 3728 diducendique
1241 3655 1349 3712 erant
1369 3634 1697 3709 militen-casum

299 3750 483 3818 uictoriae.
503 3752 584 3816 ride
602 3751 675 3820 Liv.
693 3767 730 3828 4,
753 3769 802 3832 ²7·
837 3758 951 3816 noctu
978 3747 1105 3814 adorti
1124 3759 1250 3813 eastra
1272 3747 1459 3833 consulis‚.
1481 3769 1557 3811 rem
1575 3744 1612 3810 in
1635 3767 1698 3811 cu-

295 3879 377 3921 sum
398 3854 574 3940 ancipitis
592 3865 737 3920 eventus
758 3855 1004 3920 committunt.
1026 3843 1072 3917 id.
1088 3860 1147 3939 ιη’
1164 3858 1214 3917 32.
1242 3857 1425 3918 incusum
1441 3848 1630 3918 universae
1643 3849 1698 3918 di·

298 3958 526 4039 minationis,
548 3983 657 4044 quom
676 3957 842 4025 omnibus
862 3959 1005 4024 ortibus
1019 3959 1184 4043 petebat,
1203 3979 1282 4024 non-
1297 3955 1492 4022 veniebant.
1513 3961 1590 4023 Tac.
1608 3965 1697 4022 Anu.

303 4083 355 4142 m,
378 4081 424 4141 ι4.
445 4087 521 4128 rem
543 4063 584 4128 in
596 4087 720 4130 casum
740 4066 829 4129 dure
840 4063 1058 4149 proelioque
1079 4060 1247 4148 experiri,
1268 4072 1301 4128 et
1321 4062 1368 4126 id.
1386 4083 1434 4126 ιι.
1453 4085 1482 4143 9.
1503 4084 1609 4128 casus
1624 4062 1698 4128 Mi-

299 4165 460 4234 luridati
479 4171 675 4254 dutus'est,
705 4166 912 4253 occupandi
930 4168 1155 4234 Armeniam.
1183 4170 1245 4252 qui
1266 4170 1361 4233 locus
1382 4179 1499 4231 nostro
1519 4169 1570 4232 est
1589 4169 1699 4232 simil·

299 4274 414 4340 limus.
434 4293 548 4340 secus.
565 4273 645 4340 vide
664 4293 766 4363 supra
789 4295 825 4338 e..
836 4295 897 4354 ²⁰3¹
911 4280 944 4339 et
962 4273 1039 4336 Lm..
1055 4293 1167 4358 ro,19.
1199 4271 1256 4337 rai
1275 4275 1361 4349 bene
1378 4280 1445 4335 aut
1457 4284 1703 4364 secusrpestue
