4108 4976
403 333 477 436 256

399 570 531 618 nomen
551 548 715 614 omissum
732 561 805 612 esse
826 545 967 630 vellem,
994 546 1050 608 sed
1073 542 1242 608 librorum
1273 543 1410 606 obstant
1430 542 1636 608 testimonia.
1671 542 1803 628 iprum·

401 679 478 740 pue.
508 677 576 738 que
596 675 662 718 om.
685 655 775 716 Med.
798 653 830 714 8.
851 673 898 714 ιι.
918 654 1015 732 quod
1033 669 1133 714 sensu
1156 656 1256 716 caret.
1286 644 1324 710 in
1351 644 1474 712 diebur
1487 643 1693 731 proxumis.
1712 671 1804 734 pro·

399 757 524 828 numia
545 758 678 824 eortius
698 757 791 822 falso¹
807 766 1000 840 suspectum
1020 754 1160 838 habuit,
1180 754 1279 818 nullo
1300 752 1371 816 alio
1392 761 1595 838 argumento
1616 772 1715 839 usus,
1734 755 1803 818 nisi

399 869 493 950 quod
513 866 552 929 in
572 885 642 928 uno
662 863 754 927 libro
775 863 966 928 recentiore
986 883 1091 925 manu
1112 859 1323 944 adscriptum
1343 877 1414 924 esse
1434 857 1580 922 videtur.
1598 861 1658 922 sed
1671 868 1802 924 tantum

370 1023 371 1026 ι
399 973 512 1055 abest,
533 978 571 1034 ut
591 971 634 1034 ab
655 970 770 1033 aliena
789 988 895 1030 manu
911 969 955 1032 sit
974 968 1149 1051 additum,
1169 971 1209 1028 ut
1227 965 1344 1048 potius
1355 962 1655 1049 senatusconsulti,
1676 965 1719 1028 ab
1733 965 1802 1028 ira-

399 1078 444 1142 tis
463 1077 617 1162 patribus
637 1074 734 1158 facti,
771 1074 836 1136 hac
854 1093 937 1138 voce
957 1075 1103 1158 adjecta,
1131 1071 1281 1136 formula
1301 1067 1413 1154 acrior
1432 1077 1534 1150 atque
1555 1068 1706 1133 severior
1725 1069 1802 1134 fieri

398 1183 566 1252 rideatur.
590 1175 779 1264 rauciori,
796 1186 835 1242 ut
855 1179 1069 1263 comperire,
1091 1171 1301 1262 explorare,
1320 1173 1442 1258 saepius
1452 1176 1544 1258 apud
1563 1173 1745 1241 historicos
1757 1175 1802 1240 si-

397 1309 443 1355 ue
463 1309 542 1354 casu
561 1288 713 1373 ponitur.
734 1279 883 1370 infectis
901 1285 1017 1350 rebus.
1039 1283 1144 1349 ceteri
1155 1283 1335 1366 scriptores
1354 1279 1426 1343 fere
1451 1301 1492 1344 re
1513 1275 1801 1366 infectu-mu-

397 1391 490 1458 nito.
511 1393 571 1459 ct'r.
592 1398 633 1476 Ω.
655 1393 723 1455 Cic.
745 1392 789 1454 de
809 1389 908 1453 Petit·
930 1392 1030 1455 Cous.
1051 1412 1080 1472 7.
1112 1389 1175 1454 ubi
1202 1392 1307 1453 homo
1339 1385 1446 1450 nullis
1472 1384 1591 1450 amicis
1610 1395 1733 1469 septus
1753 1395 1802 1452 at-

322 1491 326 1497 ’
397 1519 465 1581 que
486 1497 643 1562 omnium
663 1497 755 1560 bona
778 1494 1030 1559 existimatione
1050 1491 1215 1558 munitus
1235 1493 1372 1557 dicitur.
1393 1499 1425 1554 et
1437 1491 1505 1554 Cic.
1517 1493 1600 1576 Epp.
1614 1513 1642 1572 9.
1656 1493 1704 1556 18.
1723 1513 1802 1556 rnu-

288 1581 290 1586 ¹
398 1600 461 1668 nio
484 1624 540 1665 me
560 1602 717 1666 adhaec
738 1611 904 1685 temporo
922 1599 1016 1667 dicit.
1038 1599 1081 1662 de
1100 1607 1240 1662 notura
1261 1606 1296 1662 et
1317 1591 1455 1662 babitu.
1475 1598 1548 1660 haec
1568 1596 1670 1659 etiam
1682 1600 1800 1661 Cicero

392 1707 509 1786 junxit
527 1727 592 1790 pro
619 1708 745 1770 Archia
760 1729 790 1788 7.
820 1715 981 1770 naturae
1000 1699 1114 1788 z'prius
1134 1699 1262 1768 nabitu
1276 1723 1396 1787 prope
1415 1696 1535 1766 divino
1556 1709 1616 1764 etc.
1648 1701 1707 1764 cfr.
1730 1703 1801 1766 Cic.
1845 1699 1849 1706 ’

398 1815 442 1876 de
459 1815 533 1888 inv,
549 1829 579 1876 a.
593 1815 640 1876 53.
679 1812 858 1887 ..habitum
884 1819 998 1874 autem
1028 1809 1240 1894 appellamus
1260 1806 1370 1870 animi
1390 1813 1451 1870 aut
1471 1807 1621 1891 corporis
1640 1816 1802 1872 constan-

279 1919 282 1928 '
397 1925 467 1982 tem
498 1927 531 1982 et
561 1918 753 1982 absolutam
794 1918 910 2000 aliqua
944 1915 982 1978 in
1015 1935 1053 1978 re
1080 1914 1343 2000 perfectionem,
1380 1921 1438 1975 aut
1465 1911 1602 1976 virtutis
1630 1921 1688 1976 aut
1718 1912 1803 1978 artis

366 2103 371 2113 ⁴
396 2024 654 2108 perceptionem
675 2023 834 2106 alicujus,
864 2030 923 2085 aut
944 2017 1329 2103 quamvis'scientiam.²
1355 2020 1494 2081 multae
1513 2016 1704 2100 bonaeque.
1732 2021 1801 2082 hoc

331 2208 335 2216 „
397 2149 439 2194 ex
459 2129 577 2206 Grmco
598 2148 792 2212 expressum
812 2125 931 2198 πολλαὶ
951 2127 1006 2196 nni
1023 2123 1164 2213 ripaticis.
1180 2122 1451 2208 praepediebat.
1470 2122 1530 2190 cfr.
1552 2124 1641 2187 Flor.
1663 2141 1692 2194 a.
1707 2125 1736 2187 8.
1752 2145 1800 2204 17·

310 2247 314 2256 ’
396 2235 461 2301 ted
478 2235 568 2298 haec
588 2233 713 2298 onmia
726 2233 946 2317 praepedita
966 2227 1220 2319 magnitudine
1233 2252 1311 2294 suo.
1333 2229 1435 2293 etiam
1447 2231 1538 2312 apud
1550 2228 1701 2298 ciceron.
1731 2221 1800 2292 uno

396 2338 476 2404 loco
501 2339 659 2406 occurrit.
683 2359 748 2422 pro
768 2339 885 2402 Rabir.
902 2361 931 2418 7.
963 2340 1023 2402 sed
1043 2338 1165 2400 Plauto
1186 2334 1358 2418 imprimis
1382 2343 1485 2416 atque
1503 2333 1665 2400 Terentio
1687 2343 1720 2397 et
1740 2353 1802 2396 an·

339 2517 344 2526 ,
397 2443 502 2525 tiquae
531 2427 694 2508 dictionis
723 2443 905 2528 imitatori,
934 2443 1071 2528 Tacito,
1101 2442 1264 2506 usitatum
1285 2448 1344 2504 est.
1364 2438 1448 2528 ocri
1465 2434 1611 2530 ingenio
1634 2439 1804 2527 inmag-

398 2566 444 2609 no
486 2546 595 2608 animi
633 2548 762 2632 vigore.
798 2544 1004 2630 providens.
1046 2547 1106 2612 cfr.
1151 2548 1220 2610 Cic.
1261 2549 1344 2632 Epp.
1364 2548 1393 2608 6.
1416 2549 1445 2614 8.
1502 2546 1621 2610 homo·
1645 2555 1699 2610 ert
1732 2535 1810 2610 voIss

399 2649 443 2714 de
463 2657 599 2714 acutus
618 2658 654 2712 et
676 2652 831 2712 multum
849 2648 1052 2730 prouidens.
1073 2633 1166 2715 idem
1187 2659 1236 2714 est
1257 2655 1352 2734 quod
1364 2647 1540 2736 providus
1561 2659 1594 2715 et
1609 2659 1803 2715 cautus.-

384 2749 625 2841 firmistimus
645 2753 669 2816 i.
692 2774 721 2818 e.
751 2752 896 2832 minime
925 2753 1084 2840 timidus,
1118 2754 1236 2820 animo
1264 2755 1346 2820 forti
1371 2767 1473 2840 atque
1500 2755 1693 2840 obfirmato.
1714 2751 1803 2820 iuri.

399 2859 479 2926 dios
499 2864 602 2924 credo
621 2858 772 2942 addidit,
799 2868 838 2922 ut
856 2849 951 2923 varia
972 2858 1205 2943 periculorum
1225 2880 1353 2948 genera
1375 2861 1591 2948 significaret.
1629 2858 1802 2927 Siciliam.

396 2966 597 3050 praepositio
618 2966 657 3042 in
679 2963 819 3050 optimis
839 2965 940 3030 libris
962 2965 1102 3046 omissa3
1123 2965 1161 3029 id
1181 2969 1276 3047 quod
1296 2967 1418 3052 saepius
1432 2968 1470 3030 fit
1486 2969 1524 3031 in
1540 2967 1734 3032 minoribus
1747 2968 1803 3032 in·

396 3073 496 3155 tulis,
530 3074 590 3136 sed
618 3073 721 3136 etiam
746 3071 784 3136 in
806 3071 1007 3136 nominibus
1033 3071 1215 3158 regionum
1235 3081 1336 3154 atque
1357 3073 1613 3157 provinciarum
1638 3074 1706 3136 hoc
1725 3093 1803 3158 pas-

396 3175 462 3237 sim
483 3179 576 3260 apud
602 3179 750 3261 optimos
770 3178 951 3260 scriptores
979 3177 1136 3242 occurrit.
1166 3177 1225 3241 cfr.
1254 3178 1419 3268 Ruddim⁸
1439 3181 1520 3242 Inst.
1542 3180 1600 3242 Gr.
1621 3179 1692 3246 Lat
1714 3195 1748 3252 ι,
1765 3201 1802 3262 p.

399 3281 460 3345 283
473 3290 506 3344 et
525 3276 574 3358 84.
598 3290 630 3344 et
651 3281 743 3344 infra
763 3285 812 3344 33.
828 3283 1030 3370 pugnando
1052 3281 1157 3365 cepit.
1178 3283 1257 3346 vide
1279 3287 1348 3346 Cat.
1370 3305 1399 3364 7.

427 3419 431 3426 -
477 3388 556 3468 Cap.
576 3387 691 3448 XXIX.
724 3381 1019 3453 administrabat.
1041 3387 1064 3451 i.
1086 3409 1114 3454 c.
1135 3389 1285 3474 gerebat.
1313 3389 1361 3451 ita
1387 3389 1491 3452 etiam
1516 3393 1600 3454 Cres.
1619 3393 1654 3453 B.
1677 3389 1749 3453 Cir.
1771 3411 1801 3451 1.

399 3487 448 3550 25.
472 3487 606 3551 locutus
628 3499 687 3557 est.
708 3485 810 3554 etiam
830 3492 948 3556 Livius
973 3515 1026 3576 ro,
1049 3509 1105 3572 αις
1126 3497 1186 3556 sed
1204 3493 1352 3556 maxime
1372 3497 1416 3556 ad
1438 3495 1621 3579 imperium
1640 3493 1799 3580 pertinet.

398 3587 458 3654 cfr.
480 3589 547 3659 Cic.
570 3593 613 3655 de
635 3592 711 3654 Div.
732 3615 759 3654 a.
777 3598 834 3672 363
854 3597 962 3658 dello
983 3616 1007 3656 a
1021 3593 1305 3674 proconsulibus
1325 3607 1360 3660 et
1366 3597 1670 3680 propraetoribus
1684 3597 1803 3662 admi-

398 3693 911 3781 annanean-arperttatem
924 3699 947 3765 i.
971 3717 1001 3759 e.
1022 3693 1272 3780 difficultatem
1293 3700 1352 3762 cfr.
1370 3691 1467 3766 infra
1478 3724 1529 3786 9².
1550 3715 1583 3770 et
1596 3709 1663 3769 Cat.
1677 3724 1723 3766 ιο.
1739 3725 1801 3769 ae·

386 3785 463 3888 ⁸ger
485 3800 654 3871 avaritia.
674 3805 741 3866 hoc
761 3804 809 3866 ita
832 3803 976 3883 dictum,
1004 3810 1042 3863 ut
1063 3824 1172 3890 aeger
1192 3825 1317 3871 amore
1334 3811 1425 3892 apud
1451 3810 1588 3872 Livium
1599 3815 1648 3874 3ο.
1669 3830 1715 3873 ιι.
1737 3828 1800 3871 nc-

398 3924 466 3986 que
477 3907 589 3988 potuit
609 3917 728 3975 auctor
748 3911 814 3971 hoc
834 3907 912 3969 loco
933 3905 1058 3968 iterum
1079 3908 1193 3970 dicere
1208 3907 1366 3974 avaritia
1383 3914 1532 3976 consulis
1546 3915 1700 3978 animum
1714 3912 1800 3976 fuis·

397 4029 433 4076 se
455 4029 670 4093 conversum,
692 4032 770 4074 cum
784 4012 858 4090 jam
878 4031 978 4094 supra
998 4016 1066 4077 ho'c
1084 4013 1170 4077 vitio
1194 4035 1271 4077 eum
1293 4015 1463 4082 laborasse
1483 4019 1618 4088 dixerit.
1641 4018 1800 4083 contrusi

274 4163 277 4170 .
397 4112 558 4180 avaritia
587 4135 665 4176 cum
685 4136 794 4202 aeger
823 4113 1061 4204 conjungitur,
1089 4129 1207 4182 auctor
1229 4119 1291 4204 iis,
1311 4143 1386 4202 quae
1402 4123 1476 4202 jam
1497 4145 1600 4208 supra
1621 4127 1801 4210 docuerat,

397 4231 625 4290 consentanea
646 4219 740 4288 dicit.
762 4215 975 4291 adruinum
994 4224 1018 4289 i.
1041 4244 1070 4298 e.
1090 4212 1154 4308 qui
1175 4223 1293 4288 omnia
1313 4227 1458 4293 consilia
1471 4225 1709 4300 effectadaret.
1728 4227 1799 4293 Cic.
