4108 4976
387 390 459 486 554
562 352 567 368 ’

384 589 492 654 decus
515 585 746 668 dedecusque.
765 583 853 644 Ann.
878 586 932 664 13,
954 583 983 644 6.
1018 573 1180 644 honestis
1202 597 1252 642 an
1272 567 1375 642 secus
1398 575 1538 644 arnicis.
1566 601 1671 650 secus
1688 577 1795 669 loqui

383 691 431 758 iti.¹
450 709 481 756 5.
503 693 552 758 50.
572 690 596 754 1.
616 709 647 755 e.
669 688 830 774 maligne.
850 683 972 753 senati
987 683 1109 758 serbis.
1127 685 1209 748 vide
1226 703 1330 768 supra
1351 705 1379 750 c.
1401 701 1451 750 55.

465 799 545 882 Gap.
566 796 682 861 XXVI.
711 793 843 860 Italici
862 795 1001 858 eosdem
1031 791 1202 878 intellige,
1229 810 1315 872 quos
1334 809 1435 875 supra
1447 799 1581 878 togatos
1591 795 1791 870 5505010555-

385 912 447 974 5551.
469 897 764 992 defensabantur.
784 899 890 964 verba
912 897 1163 981 frequentative
1182 917 1347 982 usurpare
1356 898 1505 962 85155110
1519 899 1789 980 usitatissimum.

384 1017 519 1091 tamen,
539 1008 634 1088 quod
663 1025 752 1068 unus
780 1003 889 1068 Cortii
917 1004 1024 1089 liber,
1053 1004 1152 1068 Febr.
1168 1019 1198 1068 5.
1216 1003 1474 1087 05551511,551551
1495 1014 1689 1070 constanter
1708 1009 1789 1074 reti·

383 1122 485 1193 nent3
516 1133 621 1194 quare
633 1115 699 1176 hoc
713 1109 828 1174 delere
841 1109 951 1174 nolui.
973 1106 1135 1198 cogundi
1148 1112 1238 1174 Med.
1255 1131 1303 1174 50.
1324 1109 1578 1176 excruciatum
1588 1122 1708 1178 necat.
1727 1114 1787 1180 cir.

354 1257 364 1272 .
384 1218 453 1283 Cic.
472 1239 537 1302 pro
556 1221 637 1306 lege
658 1220 750 1280 Man.
768 1217 797 1278 5.
819 1216 980 1302 legatum
1001 1217 1045 1282 P.
1067 1217 1111 1282 R.
1132 1211 1284 1280 vinculis
1303 1237 1350 1280 ac
1365 1211 1567 1280 verberibus
1585 1226 1697 1300 atque
1711 1241 1788 1292 ome

381 1320 426 1391 ni
436 1321 618 1408 supplicio
630 1316 1787 1408 excruciatnmnecavit.-negotiatoresliomsniscultelicisunt.

383 1438 553 1496 armatus
561 1425 707 1519 suerat.
735 1431 821 1497 Ven.
838 1440 869 1505 4.
898 1421 1086 1516 interfecit
1106 1429 1178 1494 Vct.
1194 1443 1223 1488 2.
1244 1431 1272 1492 5.
1287 1441 1316 1502 4.
1338 1425 1447 1490 5551505
1466 1427 1640 1492 neminem
1661 1429 1700 1492 in
1721 1435 1787 1496 1555

381 1554 465 1608 Ι5055
487 1529 690 1614 offendisse,
713 1532 903 1617 praesertim
923 1551 1002 1595 cum
1031 1540 1158 1616 necat,
1190 1533 1285 1615 quod
1304 1532 1490 1617 precessit,
1523 1532 1629 1598 etiam
1649 1537 1692 1598 ad
1712 1539 1786 1604 haec

380 1637 504 1704 referri
522 1648 647 1722 posset.
682 1639 747 1702 Sed
766 1635 937 1704 Salustius
951 1638 1019 1700 hoc
1039 1635 1165 1700 iterum
1185 1635 1339 1720 posuisse
1362 1636 1515 1722 videtur,
1545 1647 1583 1702 ut
1608 1639 1786 1706 diversita-

382 1753 451 1806 tem
471 1742 592 1807 mortis
611 1743 838 1829 significarem
859 1742 963 1808 ceteri
984 1741 1078 1808 enim
1099 1742 1227 1828 captivi
1246 1743 1380 1828 pecoris
1398 1743 1506 1812 instar
1516 1743 1783 1833 trucidabantur,

380 1851 440 1914 sed
456 1849 689 1912 Adhchalem
711 1848 889 1930 exquisitis
908 1848 1088 1933 suppliciis
1108 1843 1269 1914 effectum
1288 1848 1473 1914 interemit.
1494 1869 1574 1914 555555
1587 1871 1656 1915 non
1668 1852 1783 1917 solum

381 1963 535 2020 necatus
555 1954 698 2041 dicitur,
715 1943 786 2039 ¹qui
807 1955 881 2020 sine
900 1956 1044 2019 vulnere
1063 1955 1262 2020 interiectus
1282 1964 1349 2041 est,
1372 1975 1506 2044 veneno
1527 1955 1703 2022 5551155555.
1723 1957 1784 2024 cir.

380 2063 466 2125 Fest.
487 2081 512 2125 s.
533 2083 566 2126 v.
586 2061 669 2125 neci
688 2073 721 2126 et
736 2060 907 2146 occisum,
928 2071 961 2126 et
981 2060 1084 2130 Prisc.
1096 2083 1169 2148 9.p.
1184 2063 1255 2126 865.
1274 2063 1335 2126 Ed.
1350 2063 1484 2127 Putscb.
1504 2065 1564 2128 sed
1576 2063 1723 2128 maxime
1737 2067 1782 2128 551

381 2175 553 2232 tormenta
566 2167 704 2254 referri,
723 2169 833 2232 55555115
841 2169 1047 2254 scriptorum
1057 2169 1135 2234 1055
1146 2172 1280 2234 docent.
1297 2167 1377 2232 vide
1387 2171 1466 2232 Ces.
1475 2172 1510 2231 B.
1521 2169 1560 2232 G.
1573 2190 1600 2253 1,
1609 2172 1659 2234 55.
1670 2179 1702 2234 51
1715 2193 1744 2254 7,
1752 2187 1782 2248 4.

476 2275 559 2357 Cap.
580 2274 714 2342 XXVII.
754 2283 808 2340 est
829 2275 1018 2364 cognitum
1039 2277 1131 2340 Med.
1144 2291 1175 2351 4.
1196 2281 1250 2338 cst
1270 2293 1339 2338 om.
1358 2275 1434 2340 vat.
1449 2276 1479 2339 5.
1497 2275 1620 2360 probo.
1643 2285 1782 2360 coepta.

381 2376 509 2463 coepit.
539 2383 630 2444 Med.
649 2402 697 2444 55.
723 2382 798 2447 Vct.
813 2402 840 2444 1.
855 2385 884 2444 3.
902 2384 930 2450 5.
956 2380 1055 2446 15150.
1084 2380 1176 2444 illud
1203 2379 1297 2444 enim
1324 2379 1547 2463 antiquorum
1576 2381 1783 2465 scriptorum

309 2507 311 2510 ·
380 2486 531 2551 05511051
550 2486 828 2572 convenientius,
854 2488 916 2570 qui
936 2487 1059 2554 515115
1077 2487 1182 2552 verba
1202 2485 1252 2550 115
1266 2488 1401 2552 flectere
1420 2487 1532 2551 solent
1552 2495 1587 2554 et
1605 2509 1637 2551 v.
1658 2507 1687 2552 c.
1722 2507 1784 2553 ne·

379 2590 509 2671 quitur
527 2592 653 2655 dicunt.
674 2588 952 2675 interpellando.
969 2594 1050 2657 vide
1060 2592 1133 2656 Liv.
1145 2607 1182 2677 4,
1197 2596 1248 2667 43.
1269 2588 1427 2656 tribunis
1438 2587 1653 2682 interregem
1669 2589 1782 2656 interk

372 2689 614 2778 pellentibus,
634 2715 680 2758 ne
698 2698 1057 2760 senatusconsultum
1063 2697 1187 2782 fieret.
1207 2700 1266 2760 sed
1287 2700 1331 2758 ed
1351 2716 1470 2762 omnes
1490 2697 1780 2782 magistratushoc
1899 2787 1904 2792 Α

377 2799 539 2883 pertinet.
548 2794 690 2896 jurgiis
711 2801 890 2866 trahendo
912 2810 1061 2884 tempus.
1087 2798 1147 2869 cfr.
1168 2820 1271 2885 supra
1287 2805 1337 2866 55.
1357 2803 1505 2868 trahere
1520 2803 1668 2888 bellum,
1688 2803 1781 2870 intra

379 2909 430 2970 36.
457 2907 653 2996 ,Iugurtha
680 2907 828 2971 trahere
855 2904 990 2976 omnia.
1016 2905 1055 2970 id
1080 2903 1781 2990 0001511151001511155555515511551ἰοί-

377 3021 443 3077 tur.
465 3013 533 3076 Cic.
554 3017 640 3099 Epp.
659 3014 727 3084 Att.
740 3017 817 3090 ζ4.3.
851 3014 1024 3088 Metellus
1044 3008 1231 3076 calumnia
1253 3008 1398 3077 dicendi
1414 3021 1553 3098 tempus
1572 3011 1716 3079 exemit.
1735 3017 1779 3080 sd
1887 3099 1889 3104 Ι

377 3120 419 3201 Q.
441 3121 590 3182 155155.
604 3141 631 3183 5.
652 3114 805 3186 Clodius
823 3125 980 3208 rogatus
1000 3115 1093 3184 diem
1114 3117 1265 3185 dicendo
1279 3116 1436 3184 eximere
1449 3115 1780 3204 coepit-atroci-

377 3232 492 3288 tatem
523 3219 632 3314 sacti
670 3223 863 3289 leniebant.
908 3224 932 3286 i.
975 3244 1003 3288 e.
1029 3224 1088 3310 *id
1117 3223 1250 3290 efficere
1287 3227 1495 3313 studebant,
1541 3236 1581 3292 nt
1619 3230 1687 3292 hoc
1726 3228 1778 3293 lu-

377 3329 476 3394 cinus
515 3329 635 3395 minus·
669 3339 766 3395 atrox
805 3348 877 3394 esse
916 3329 1100 3393 videretur.
1176 3333 1217 3398 C.
1258 3331 1453 3400 Memmius
1492 3336 1586 3420 apud
1626 3334 1692 3399 Cic.
1733 3337 1778 3398 de

379 3433 438 3494 05.
460 3453 494 3517 5,
517 3439 568 3514 59.
587 3439 729 3514 mordax
748 3436 885 3504 dicitur.
905 3435 943 3498 id
964 3436 1003 3500 in
1023 3439 1126 3500 Bruto
1147 3441 1201 3516 ³63
1228 3441 1352 3514 ,Tum
1372 3441 1476 3506 5115555
1495 3443 1534 3504 L.
1553 3449 1588 3506 51
1608 3444 1646 3506 G.
1666 3443 1778 3505 Mem·

376 3537 442 3604 mii
462 3536 602 3602 fuerunt
620 3548 771 3604 oratores
790 3539 996 3612 mediocres,
1025 3551 1234 3606 accusatores
1259 3565 1352 3611 acres
1371 3556 1474 3629 atque
1492 3547 1617 3610 acerbi.
1656 3549 1776 3628 Itaque

376 3643 416 3708 in
442 3642 613 3723 judicium
644 3643 764 3727 capitis
792 3643 920 3706 multos
945 3654 1164 3728 vocaverunt,
1192 3667 1256 3730 pro
1284 3651 1355 3714 reis
1383 3653 1776 3738 550555555551115555555151

375 3771 440 3832 pro
460 3750 613 3830 Fonteio.
633 3772 661 3814 o.
684 3772 713 3832 7.
735 3759 851 3814 5555551
865 3751 911 3813 Μ.
921 3749 1040 3813 Scauri
1051 3751 1285 3818 testimonium
1298 3755 1336 3822 in
1351 3761 1385 3822 G.
1399 3760 1602 3824 Memmium
1613 3758 1705 3822 nihil
1717 3775 1776 3821 vc

374 3853 499 3939 luisse,
528 3877 607 3920 cum
632 3857 662 3920 is
686 3865 861 3920 accusatus
888 3865 982 3924 esset.
1011 3856 1209 3924 interlectos
1229 3879 1249 3922 5
1271 3867 1305 3925 c.
1325 3864 1522 3934 Saturnino.
1543 3863 1604 3929 cir.
1623 3864 1693 3928 Cic.
1714 3864 1773 3929 05.

377 3962 450 4024 Cat.
473 3978 509 4042 4,
531 3977 561 4028 a.
590 3959 861 4050 dilapsaforet.
881 3965 970 4026 hanc
989 3964 1173 4029 lectionem
1185 3984 1304 4031 omnes
1323 3969 1408 4032 libri
1425 3970 1538 4036 Italici
1559 3969 1773 4033 confirment.

376 4075 471 4150 erat,
491 4069 586 4148 quod
601 4067 764 4130 nonnulli
773 4071 864 4151 apud
875 4069 1028 4134 Cortium
1037 4073 1181 4156 habent,
1201 4072 1281 4136 satis
1293 4073 1440 4159 elegans,
1460 4079 1521 4140 sed
1533 4075 1689 4160 plurium
1702 4095 1774 4140 me-

373 4171 571 4256 liorumque
590 4171 761 4236 librorum
779 4173 889 4251 major
904 4177 1097 4242 auctoritas.
1127 4176 1165 4241 id
1188 4179 1404 4262 quodetiam
1433 4183 1478 4244 sd
1504 4199 1649 4263 sequens
1679 4187 1772 4264 erat,

373 4281 539 4365 pertinet,
568 4283 663 4363 quod
683 4278 806 4366 etipse
822 4281 949 4349 vellem
969 4283 1103 4368 abesse,
1120 4285 1181 4349 sed
1200 4283 1357 4348 omnium
1374 4285 1546 4350 librorum
1566 4288 1678 4353 obstat
1691 4305 1772 4350 nuc·
