4116 4970
405 595 698 682 Descriptionem
721 600 820 685 (qua
842 603 1008 666 Iocorum
1019 596 1251 692 formulam,

396 702 672 792 Imaginemque
694 727 884 789 expressos·
905 708 1036 790 efficax
1057 706 1138 772 stili

399 809 451 873 Et
471 808 662 894 veritatis,
675 833 770 894 pene
791 809 828 873 in
851 808 1000 876 obtutus
1021 812 1139 892 desit,

398 915 542 997 Lepore
560 912 731 1002 linguae)
751 917 868 978 multa
889 939 1012 980 rerum
1024 916 1236 1006 junximus.

356 1092 505 1158 Auctor
526 1090 748 1157 certissimus
767 1093 933 1158 Salustius
955 1095 1056 1160 etiam
1078 1097 1120 1158 ab
1143 1096 1359 1178 Hieronymo
1380 1097 1589 1182 appellatur,
1618 1101 1684 1182 (de

275 1197 342 1270 loc.
363 1199 542 1262 Hebraicis
563 1200 623 1262 eir.
646 1200 735 1282 Opp.
756 1202 795 1267 T.
818 1203 878 1266 111.
897 1223 932 1284 p.
944 1199 1036 1284 aaa.)
1058 1210 1090 1263 et
1112 1201 1235 1264 iisdem
1256 1201 1370 1264 verbis
1396 1204 1547 1266 Isidorus
1562 1203 1681 1289 Origg·

274 1302 364 1367 x111.
386 1321 435 1366 21.
474 1305 683 1388 Augustinus
705 1306 748 1367 de
770 1305 841 1371 civ.
861 1304 927 1367 Dei
955 1307 980 1366 1.
1004 1307 1032 1368 5.
1062 1305 1282 1372 nobilitatae
1300 1305 1453 1369 veritatis
1479 1307 1682 1370 historicum

274 1415 307 1470 et
328 1411 387 1490 Ep.
407 1411 447 1472 V.
473 1413 516 1472 ad
547 1410 788 1472 Marcellinum
823 1406 1087 1473 nobilissimum
1118 1411 1321 1474 historicum
1351 1430 1428 1472 eum
1456 1421 1563 1473 vocat.
1605 1415 1680 1476 Imo

274 1514 443 1577 Martialis
472 1537 550 1578 eum
581 1517 742 1578 omnibus
774 1514 948 1580 historicis
975 1517 1141 1580 Romanis
1168 1517 1420 1601 praeferendum
1459 1535 1529 1582 esse
1558 1529 1685 1584 censet.

273 1618 342 1685 Cst.
358 1620 438 1684 Lib.
454 1621 538 1684 xlv.
558 1620 766 1706 Epignomm.
786 1622 897 1684 exet.
921 1683 925 1690 ,

395 1723 474 1790 Hic
496 1722 587 1808 erit,
610 1737 652 1786 ut
665 1722 860 1808 perhibent
882 1726 1075 1790 doctorum
1098 1727 1212 1790 eorda
1234 1723 1414 1811 virorum,

393 1829 546 1912 Crispus
565 1831 736 1894 Romana
750 1828 896 1914 primus
918 1828 955 1892 in
983 1827 1153 1895 historia.

348 1959 507 2042 Denique
528 1967 566 2023 ut
586 1958 854 2028 leviusculorum
874 1963 1057 2026 hominum
1079 1961 1304 2044 opinionibus
1325 1959 1516 2044 gravissimi
1531 1959 1599 2022 riri
1620 1960 1677 2022 in·

270 2068 448 2144 terponam
468 2064 658 2148 judicium,
685 2066 823 2128 Tacitus
843 2065 917 2148 ipsc
942 2066 1128 2129 Salustium
1156 2086 1271 2128 rerum
1292 2067 1525 2125 Romanarum
1552 2067 1676 2128 floren·

268 2167 437 2231 tissimum
459 2188 529 2231 esse
551 2169 891 2246 auctorem.judicat;
913 2167 1204 2245 cujustestimonii
1226 2168 1341 2230 neseio
1364 2187 1408 2228 an
1431 2177 1522 2228 tanta
1536 2168 1579 2230 sit
1598 2188 1675 2232 auo-

268 2272 407 2355 toritas,
427 2281 465 2334 ut
491 2272 692 2334 Salustianae
721 2271 887 2334 orationis
907 2275 1173 2336 obtrectatorum
1193 2270 1393 2336 uociferatio
1415 2273 1518 2335 unius
1537 2272 1604 2336 riri
1619 2273 1675 2351 ju-

267 2378 359 2441 dicio
381 2376 493 2440 refelli
513 2397 612 2460 posse
631 2377 799 2439 videntur.

351 2483 428 2551 Jam
447 2483 542 2544 varia
562 2482 784 2562 antiquorum
811 2491 988 2545 auctorum
1014 2482 1213 2547 testimonia
1240 2482 1433 2547 examinare
1455 2492 1489 2546 et
1508 2483 1593 2565 quid
1608 2499 1672 2550 've-

265 2609 342 2650 rum
364 2589 606 2675 sincerumque
624 2587 694 2671 sit,
725 2587 919 2672 disputare,
938 2598 976 2650 ut
1003 2591 1046 2650 ad
1071 2589 1312 2672 explicandum
1341 2585 1605 2675 difficillimum,
1624 2591 1673 2652 ita

264 2713 335 2756 nou
356 2694 459 2773 hujus
478 2695 549 2757 loci
569 2713 639 2756 esse
659 2693 810 2756 videtum
836 2697 921 2755 Nam
943 2693 1010 2756 nisi
1033 2693 1181 2780 singulis
1202 2693 1403 2784 examinatis
1422 2697 1598 2758 haedere
1620 2696 1672 2758 nil

266 2799 350 2862 certi
361 2798 463 2860 statui
483 2807 605 2883 potest.
627 2801 740 2882 Quare
761 2798 869 2884 magis
890 2799 978 2861 mihi
1001 2820 1040 2862 ea
1061 2801 1150 2862 ratio
1170 2800 1354 2881 probatur,
1375 2799 1519 2880 utquid
1541 2801 1671 2863 deora·

262 2904 359 2967 tione
380 2905 518 2967 Salustii
539 2906 701 2988 sentiam,
734 2905 797 2965 sub
819 2903 946 2965 calcem
966 2902 1050 2965 libri
1070 2901 1179 2964 fusius
1201 2921 1378 2985 exponam.
1410 2903 1493 2986 Quae
1512 2904 1605 2965 enim
1626 2906 1669 2966 de

262 3008 468 3091 scriptorum
489 3009 608 3071 indole
630 3009 867 3093 disputantur,
895 3007 998 3070 iidem
1020 3027 1091 3069 non
1112 3007 1260 3090 habent,
1286 3007 1352 3068 nisi
1378 3008 1544 3089 exemplis
1571 3007 1668 3070 illus-

262 3123 412 3175 trantur.
439 3116 595 3195 Quorum
615 3122 652 3174 ut
673 3112 753 3174 satis
773 3133 895 3198 magna
913 3114 957 3175 sit
977 3111 1175 3195 auctoritas,
1195 3111 1234 3174 in
1255 3112 1511 3196 commentariis
1520 3113 1669 3198 diligen·

262 3218 474 3303 terexposita
496 3227 598 3300 atque
618 3218 789 3280 illustrata
811 3217 879 3280 sint
902 3235 1035 3279 necesse
1057 3226 1116 3279 est.
1145 3217 1260 3302 Quare
1280 3217 1446 3280 orationis
1466 3218 1666 3282 Salustinnae
1745 3245 1767 3262 ⁴

261 3324 448 3406 explicatio
465 3321 679 3386 commodius
700 3323 954 3386 commentariis
973 3321 1117 3408 adjungi
1139 3343 1242 3404 quarn
1269 3323 1432 3406 praemitti
1453 3343 1551 3405 posse
1571 3324 1668 3389 ride-

262 3436 326 3490 tun

320 3535 477 3596 Ceterum
499 3553 575 3594 cum
598 3541 691 3594 tanta
712 3543 798 3595 esset
818 3533 1016 3598 Sal'ustianae
1037 3534 1193 3597 historias
1211 3532 1416 3616 admiratio,
1434 3533 1515 3595 inde
1537 3533 1662 3594 sactum

234 3709 238 3716 ¹
258 3647 360 3722 puta,
379 3647 417 3700 ut
439 3659 510 3700 non
529 3639 641 3714 solum
666 3641 820 3722 exempla
841 3640 1056 3701 locutionum
1077 3661 1117 3701 ex
1138 3639 1210 3715 ejus
1230 3638 1451 3700 historiarum
1472 3638 1572 3698 libris
1588 3638 1666 3726 'col-

258 3745 428 3828 ligerem,
457 3743 573 3826 (cujus
601 3743 651 3806 rei
687 3745 879 3825 exemplum
908 3755 957 3805 est
986 3743 1144 3804 collectio
1175 3743 1260 3804 olim
1291 3742 1430 3804 Arrusio
1460 3743 1571 3803 Messe
1588 3740 1661 3818 jam

258 3849 420 3913 Cornelio
439 3850 605 3912 Frontoni
627 3849 796 3931 adscripta
804 3847 843 3928 ,),
870 3850 928 3909 sed
951 3847 1054 3908 etiam
1084 3867 1124 3908 ex
1145 3846 1267 3907 Latino
1297 3847 1334 3906 in
1355 3847 1510 3908 Graecum
1531 3865 1662 3910 sermo-

258 3975 336 4019 nem
357 3975 377 4017 a
397 3955 548 4018 Zenobio
570 3973 737 4017 converse
759 3952 827 4016 sint
849 3953 920 4030 ejus
941 3951 1095 4015 historice
1115 3950 1181 4033 34.)
1223 3951 1262 4013 Id
1283 3951 1377 4030 quod
1398 3951 1441 4011 ab
1463 3972 1504 4014 co
1526 3973 1663 4038 suscep-

256 4233 315 4314 ³4)
337 4231 396 4296 cfr.
416 4230 517 4298 Suitl·⁴⁴
532 4231 632 4294 Tom..
643 4233 686 4294 ΙΙ.
705 4251 735 4294 s.
752 4253 783 4296 v.
802 4229 937 4310 Ζινίβκς,
954 4231 1016 4316 (ct
1029 4232 1126 4294 'rom
1139 4230 1200 4292 Ill.
1218 4251 1257 4314 p..
1268 4227 1350 4308 267)
1371 4225 1501 4308 zurtam
1521 4223 1659 4324 ἔγραψα
