4106 4974
370 362 440 444 216

373 561 591 646 quieveram
602 555 656 619 sit.
668 551 1170 639 seilicetidsignifiaatauotor,
1191 571 1270 616 oum
1288 551 1415 616 harum
1435 567 1551 642 rerum
1570 551 1775 644 initiumsit,

368 671 439 734 sire
459 663 555 747 quod
576 670 709 744 tempus
728 657 848 743 fuerit,
869 679 939 741 quo
960 660 1118 724 nondum
1137 657 1338 740 existerent,
1359 656 1441 722 inde
1455 667 1545 724 recte
1558 659 1680 747 colligi
1692 681 1774 746 pos.

364 791 419 850 se,
444 789 500 834 aas
529 787 600 831 non
622 785 694 830 esse
723 763 955 849 sempiternas.
995 763 1092 843 cujus
1111 761 1343 827 conclusionis
1364 762 1453 826 ratio
1477 767 1517 826 u't
1537 764 1775 855 intelligatur,

364 875 419 964 sie
442 873 558 941 omitti
580 891 650 935 non
678 876 800 954 potest.
824 865 1031 951 omniaque.
1059 889 1130 952 que
1150 888 1220 944 om.
1251 869 1327 936 Vat.
1349 889 1380 932 1.
1402 878 1511 954 reete,
1539 871 1703 953 quiahoc
1715 893 1774 939 er·

365 979 577 1068 planationis
604 993 704 1040 causa
731 974 889 1038 additum
915 986 974 1042 est.
1007 977 1167 1040 Ceterum
1191 974 1224 1038 si
1242 974 1465 1060 Philargyrio
1489 974 1603 1061 fides,
1631 979 1705 1042 haec
1731 962 1773 1043 ex

370 1085 511 1171 Epicuri
529 1083 641 1148 hortis
661 1079 821 1165 repetivit
839 1080 1017 1145 Salustius.
1047 1080 1128 1146 ride
1149 1082 1194 1146 ad
1206 1079 1302 1166 Virg.
1323 1080 1447 1166 Georg.
1463 1104 1492 1143 a.
1507 1083 1588 1152 3³6..
1608 1083 1669 1158 ,si
1684 1101 1774 1150 ores-

370 1192 433 1275 eit,
454 1190 585 1268 deficit;
607 1187 647 1252 in
668 1207 738 1269 quo
759 1185 897 1250 ridetur
914 1195 1050 1252 secutus
1069 1185 1347 1272 esseEpiourum,
1367 1187 1429 1269 qui
1449 1185 1523 1249 aits
1544 1187 1678 1271 omnia,
1697 1209 1774 1272 quae

365 1305 461 1374 orta,
483 1295 669 1376 occidunt,
700 1299 735 1357 et
754 1299 855 1356 aucta
886 1298 1099 1360 senescunt*
1118 1293 1186 1356 Sed
1212 1294 1333 1366 eadem
1358 1290 1527 1356 sententia
1560 1291 1600 1356 in
1627 1295 1774 1359 Phaedro

365 1402 520 1466 Platonis
548 1417 713 1484 expressa.
753 1396 835 1487 agit
867 1405 928 1486 ato.
955 1398 1058 1462 etiam
1077 1399 1151 1462 hoo
1181 1396 1418 1478 Platonicums
1448 1399 1517 1463 hoo
1535 1399 1629 1464 enim
1649 1399 1775 1466 anime

366 1509 466 1572 Plato
486 1505 628 1588 tribuit,
658 1503 741 1585 quia
761 1502 839 1566 lons
861 1511 895 1566 et
914 1502 1128 1587 principium
1154 1511 1268 1568 motus
1288 1512 1347 1569 est.
1378 1524 1494 1587 neque
1514 1499 1588 1587 ipse
1606 1503 1771 1576 habetur.
1870 1575 1873 1580 Δ

367 1610 550 1676 conferunt
570 1610 773 1692 interpretes
790 1609 968 1672 Graeoums
987 1601 1051 1699 ἔχοι
1071 1607 1124 1678 sis
1142 1601 1269 1699 ἔχομαι.
1290 1609 1351 1674 cir.
1372 1608 1442 1680 Cio.
1462 1609 1547 1694 Epp.
1577 1609 1651 1674 Div.
1672 1631 1702 1690 9.
1723 1613 1773 1675 uti.

369 1718 511 1806 gaudia
532 1711 700 1798 eorporis
719 1715 824 1798 idem,
845 1717 939 1795 quod
959 1732 1063 1798 supra
1083 1716 1287 1799 voluptates
1306 1709 1484 1799 eorporis,
1505 1714 1620 1778 ineat.
1632 1733 1704 1798 cap.
1724 1735 1772 1778 ιι.

370 1817 490 1886 ventri
516 1829 551 1884 et
571 1839 699 1885 somno
728 1815 842 1883 dediti
870 1818 1013 1884 dixerat.
1050 1840 1120 1903 per
1138 1821 1266 1884 lurum
1287 1826 1324 1884 et
1344 1813 1536 1908 ignaviam.
1569 1818 1705 1905 plenius
1733 1827 1769 1884 et

372 1924 650 2014 magnificentius
660 1923 802 2007 dictum,
822 1924 977 2008 quamsi
996 1923 1159 1988 adverbia
1178 1923 1468 1989 substantivorum
1487 1924 1565 1988 loco
1591 1922 1773 2009 posuisset.

363 2033 466 2112 hujus
486 2029 791 2118 magniloquentia
810 2029 934 2114 sapius
953 2028 1165 2094 admonendi
1186 2029 1332 2114 tirones,
1353 2039 1393 2094 ut
1407 2029 1574 2094 sermonis
1585 2027 1774 2093 Salustiani

366 2139 613 2223 proprietatem
630 2136 687 2201 rel
708 2135 747 2198 in
766 2133 985 2222 singulorum
1003 2136 1274 2202 verborum'usu
1293 2134 1500 2221 intelligant.
1521 2133 1582 2199 eir.
1597 2139 1667 2207 Cat.
1681 2155 1711 2209 o,
1723 2153 1774 2198 ao.

365 2251 523 2308 aetatem
545 2249 706 2331 agerent.
728 2241 789 2317 alr,
812 2243 883 2318 Cat,
905 2263 978 2328 oap.
993 2259 1024 2320 4.
1040 2249 1074 2308 et
1089 2247 1139 2324 37.
1169 2241 1275 2309 etiam
1303 2240 1342 2306 in
1369 2241 1426 2306 his
1446 2239 1647 2326 gravitatem
1667 2259 1775 2322 quan-

364 2351 445 2412 dam
466 2347 633 2413 orationis
653 2347 854 2433 perspicies.
891 2356 1050 2412 ceterum
1079 2347 1118 2412 in
1144 2347 1312 2432 oppositis
1329 2346 1478 2412 Salustio
1504 2345 1775 2418 usitatissimum.

368 2449 408 2516 in
428 2461 568 2517 natura
589 2451 805 2519 mortalium
832 2459 895 2518 est.
937 2453 1076 2518 Gortius
1095 2453 1169 2520 haec
1189 2461 1344 2539 suspecta
1369 2450 1512 2538 habuit,
1541 2451 1673 2516 scilicet
1703 2471 1772 2534 quo

365 2555 452 2636 quid
471 2556 601 2618 dictum
623 2565 674 2620 est
690 2556 864 2641 jejunius,
885 2576 926 2622 eo
946 2559 1055 2642 magis
1075 2559 1307 2624 Salustianum
1331 2577 1404 2625 esse
1420 2557 1600 2640 judicavit.
1618 2556 1774 2626 incultu.

364 2659 535 2741 ablativus
555 2658 751 2723 defectivus.
778 2659 840 2723 cir.
855 2663 926 2728 Cat.
943 2664 992 2724 55.
1014 2671 1047 2726 et
1067 2661 1262 2739 linense
1280 2687 1367 2731 suos
1380 2660 1691 2750 honores‘partim
1713 2663 1774 2728 de-

368 2772 487 2830 sertos
501 2785 573 2848 per
591 2760 774 2830 insultum
796 2772 832 2828 et
852 2761 1125 2855 negligentiam.
1145 2767 1227 2834 ride
1246 2770 1406 2840 Schneid.
1426 2774 1469 2835 de
1491 2769 1673 2835 FormisL.
1686 2771 1726 2842 L.
1740 2791 1775 2854 p.

363 2885 434 2946 442.
455 2881 608 2936 ceterum
627 2873 695 2937 hae
714 2870 833 2936 formae
854 2872 1002 2938 maxime
1022 2872 1174 2958 antiquis
1193 2876 1418 2961 scriptoribus
1440 2877 1572 2942 usitatae
1585 2884 1676 2940 sunt.
1697 2883 1776 2941 tor·

357 2999 516 3059 pestere.
558 2978 619 3042 alr.
642 2980 714 3042 Cat.
733 2981 780 3042 16.
809 2981 887 3043 Tae.
908 2979 997 3044 Hist.
1018 3001 1047 3043 1.
1066 3001 1116 3063 71·
1138 2984 1260 3048 eodem
1279 3003 1381 3048 sensu
1407 2982 1560 3066 torpedo
1588 2988 1623 3046 et
1644 2989 1776 3065 torpor

363 3084 536 3147 dicuntur.
558 3085 619 3148 cir.
639 3087 698 3149 Or.
720 3085 876 3170 Philippi
896 3095 1016 3152 contra
1034 3088 1154 3174 Lepid.
1176 3097 1211 3156 ot
1231 3089 1341 3162 Licin,
1362 3091 1407 3153 ad
1426 3089 1575 3172 plebem.
1583 3089 1667 3150 Cato
1683 3088 1777 3172 apud

363 3186 453 3254 Goll.
477 3208 525 3248 ιι.
548 3205 576 3248 a.
605 3185 639 3252 si
658 3186 755 3251 nihil
774 3213 963 3279 exerceas,
991 3191 1128 3257 inertia
1158 3203 1270 3276 atque
1290 3195 1442 3277 torpedo
1459 3194 1546 3276 plus
1567 3187 1778 3257 detrimenti

355 3285 483 3378 facit,
505 3314 614 3374 quam
636 3289 823 3357 exercitio.
855 3329 898 3344 —
929 3293 1126 3364 claritudo.
1147 3299 1364 3361 substantiva
1383 3299 1422 3360 in
1443 3299 1532 3361 hano
1560 3295 1776 3363 terminatio·

367 3413 447 3457 nem
467 3383 674 3480 desinentia,
696 3418 773 3460 eum
782 3395 950 3463 haberent
970 3403 1142 3484 quendam
1162 3403 1378 3485 antiquitatis
1398 3403 1568 3488 colorem,
1587 3425 1607 3466 a
1626 3402 1775 3466 Salustio

367 3506 403 3560 ot
421 3499 542 3561 Tacito
563 3501 687 3582 saepius
706 3509 926 3582 usurpantur.
962 3505 1022 3566 cfr.
1044 3527 1120 3583 quas
1143 3509 1280 3570 Cortius
1299 3508 1455 3572 laudarit
1476 3511 1639 3596 exempla.
1664 3506 1776 3574 olari·

368 3604 458 3669 tudo
493 3601 589 3669 Cato
616 3601 756 3666 dixerat.
778 3601 863 3668 Fest.
886 3625 912 3670 s.
926 3627 958 3670 v.
975 3603 1169 3692 bellitudo,
1190 3606 1382 3696 raritudo,
1404 3609 1626 3700 hilaritudo,
1646 3614 1776 3680 Ιιοιιεσ-

366 3707 505 3788 titudo,
526 3706 775 3799 gracilitudo,
799 3709 968 3799 aritudo,
989 3707 1187 3799 anxitudo,
1208 3712 1426 3783 macritudo.
1449 3717 1511 3792 eir,
1532 3723 1617 3783 Fest.
1640 3723 1773 3784 et'Non.

365 3831 394 3876 2.
415 3821 535 3896 1¹·399·
554 3832 625 3892 401.
644 3819 715 3893 364.
745 3827 838 3884 reete
859 3821 993 3885 Gellius
1022 3841 1070 3903 17·
1091 3837 1120 3894 ι.
1147 3821 1285 3896 ,nescio
1314 3823 1400 3907 quid
1427 3822 1575 3903 majoris.
1595 3823 1775 3910 dignitatis

364 3929 414 3982 ost
434 3920 577 3982 verbum
607 3921 821 3989 sanctitudo
842 3926 995 4008 (scilicet
1012 3948 1116 4010 quam
1135 3926 1318 3992 sanctitas
1337 3949 1397 3994 seu
1416 3927 1709 4015 sanctimonia),
1729 3928 1775 3994 si-

365 4025 436 4088 cuti
457 4026 504 4088 M.
532 4025 613 4086 Cato
634 4025 672 4088 in
692 4029 729 4089 L.
770 4030 951 4112 Veturium
973 4029 1218 4098 duritudinerri
1241 4051 1344 4117 quam
1365 4031 1540 4101 durioiem
1562 4036 1677 4103 dicere
1697 4055 1774 4122 gra-

362 4131 439 4197 vius
457 4126 626 4216 putavit.»
1030 4139 1033 4146 ⁴
