4106 4974
390 400 462 492 242

393 592 524 658 tionem
545 607 617 658 esse
636 589 772 676 statuis,
789 588 848 656 vix
864 587 1001 654 idoneis
1021 584 1186 672 exemplis
1205 583 1300 650 huno
1318 599 1420 650 usum
1438 583 1608 670 loquendi
1621 591 1807 662 confirma.

394 698 494 764 veris.
528 717 605 780 quae
625 696 719 760 enim
752 695 887 760 (lortius
906 695 1092 782 congessit,
1118 712 1241 780 parum
1270 699 1476 758 certarunt.
1515 698 1575 758 sed
1605 717 1683 762 rum
1711 697 1806 793 inse-

395 807 535 872 nundus
555 824 599 868 ne
624 823 701 866 cum
722 801 876 888 genitivo
897 793 1038 886 quidem
1060 800 1117 864 vel
1139 820 1216 863 oum
1243 797 1395 863 ablativo
1417 799 1540 884 saepius
1552 801 1734 890 jungatur,
1754 807 1803 873 la-

394 913 461 977 cile
474 911 550 976 fieri
565 909 696 996 potuit„
725 916 765 971 ut
791 908 926 972 dativus
944 909 1027 972 buio
1053 907 1234 987 adjectivo,
1253 913 1293 968 ut
1314 904 1395 969 aliis
1417 907 1546 992 multis,
1563 920 1803 993 apponeretur.

395 1017 455 1081 cfr.
474 1020 549 1086 Tac.
573 1017 662 1086 Anu.
684 1037 730 1078 11.
756 1035 810 1078 10:
847 1008 1113 1079 intolerantior
1141 1008 1325 1100 subjectis.
1343 1011 1459 1077 Senes.
1479 1015 1581 1078 Herc.
1609 1016 1684 1079 Oet.
1713 1033 1803 1100 1027.

386 1119 539 1207 patriae
550 1124 732 1189 scelestus.
749 1120 819 1184 cic.
838 1141 902 1206 pro
916 1119 1058 1184 Plancio
1068 1121 1097 1186 8.
1109 1115 1309 1182 multituda
1326 1113 1423 1182 volas
1435 1121 1596 1202 supplex.
1606 1122 1708 1186 Ouid.
1719 1125 1803 1210 Epp.

348 1211 352 1224 ⁸
394 1248 434 1294 ex
453 1230 563 1294 Ponto
582 1243 611 1305 4.
632 1230 661 1291 6.
683 1233 741 1307 323
768 1223 935 1292 sontibus
957 1248 1032 1292 esse
1053 1236 1202 1291 trucem.
1218 1265 1260 1280 -
1274 1227 1376 1291 coeto
1393 1232 1430 1290 et
1447 1233 1550 1290 terra
1563 1228 1651 1294 Van.
1675 1244 1706 1306 4.
1722 1251 1804 1295 roe-

395 1337 445 1411 Io,
476 1341 579 1398 terra
605 1337 681 1401 Vat.
707 1337 735 1398 3.
762 1337 856 1416 qnod
880 1325 1002 1418 probo.
1031 1331 1174 1396 salubri
1193 1351 1356 1415 corpore.
1373 1329 1432 1396 cfr.
1452 1333 1582 1410 Herod.
1601 1349 1632 1411 4.
1656 1337 1724 1417 187.
1743 1335 1804 1407 ''u-l

396 1441 463 1538 φὶς
482 1443 519 1516 sic
538 1436 679 1516 ἆλιθίικ
698 1443 726 1510 ai
745 1440 847 1520 ΛΙβυις
866 1437 1042 1538 insignimus
1060 1436 1173 1512 neir'lm
1193 1433 1388 1534 iysspila‘lu,
1412 1437 1468 1512 'loir
1485 1441 1572 1526 ιῖμῖις
1593 1437 1687 1526 lapur-
1729 1439 1804 1508 dis·

393 1543 511 1612 solvit.
524 1545 603 1610 vide
623 1563 725 1630 supra
739 1548 800 1609 Cat
818 1547 866 1609 to.
878 1565 978 1610 mors
997 1551 1133 1609 cuncta
1148 1539 1364 1610 mortalium
1375 1545 1474 1608 mala
1494 1539 1667 1610 dissoluit.
1686 1549 1803 1610 Lucan

395 1669 432 1736 4,
452 1656 524 1714 334.
556 1670 699 1734 quoque
722 1647 840 1740 magis
862 1646 1014 1715 miseros
1040 1649 1163 1714 undae
1170 1644 1321 1738 jejunia
1338 1651 1506 1713 solvant:
1517 1650 1607 1717 Flor.
1634 1667 1664 1727 4.
1685 1673 1730 1714 ιι.
1748 1649 1805 1717 sia

396 1765 516 1822 morte
537 1763 580 1820 ut
603 1775 733 1822 somno
760 1756 886 1821 soluta
906 1762 969 1820 est.
1001 1763 1036 1818 et
1062 1749 1155 1820 solvi
1174 1754 1360 1838 saepissime
1381 1755 1546 1819 dicuutur
1568 1759 1659 1844 apud
1683 1765 1804 1842 poetas

397 1872 431 1929 et
453 1861 516 1944 qui
536 1880 659 1924 somno
683 1860 884 1946 indulgent,
914 1869 949 1924 et
972 1880 1122 1942 quorum
1143 1857 1234 1924 vires
1256 1859 1436 1926 laboribus
1456 1862 1696 1944 aerumnisque
1709 1862 1805 1926 iran-

397 1975 535 2054 guntur.
566 1973 729 2050 superat.
756 1966 859 2046 bajas
878 1984 959 2030 usus
980 1964 1150 2050 loquendi
1174 1965 1368 2049 exemplum
1396 1985 1469 2030 non
1495 1976 1546 2032 est
1566 1966 1605 2030 iu
1623 1975 1803 2052 promptu;

397 2073 492 2139 vinci
511 2071 654 2157 quidem
671 2071 794 2158 saeplus
814 2072 864 2137 ita
886 2071 1024 2138 dicitur.
1044 2071 1113 2136 Cio.
1136 2065 1203 2136 off.
1226 2093 1253 2134 ι.
1271 2087 1319 2134 ao.
1338 2091 1414 2138 non
1440 2079 1494 2136 eat
1521 2071 1802 2138 consentaneum

399 2177 464 2262 qui
482 2176 656 2244 invictum
684 2200 723 2244 se
749 2201 773 2244 a
794 2178 921 2245 labore
936 2173 1185 2262 praestiterit,
1210 2173 1307 2244 vinei
1324 2199 1349 2242 a
1371 2178 1716 2262 voluptate-male
1741 2199 1805 2243 eus

396 2285 627 2370 innoxius,
652 2284 880 2370 perniciosus
913 2283 1003 2348 Plin.
1030 2287 1074 2353 H.
1095 2287 1134 2348 N.
1164 2285 1328 2372 malefica
1347 2279 1480 2347 sidera.
1499 2283 1547 2350 id.
1568 2289 1619 2350 33.
1642 2299 1673 2360 4.
1693 2285 1805 2348 ›nate-

383 2393 464 2484 fira
487 2389 547 2460 vis.
570 2412 617 2454 ιι.
641 2413 688 2472 17.
701 2411 836 2476 raprae
844 2390 1045 2478 maleficum
1047 2384 1251 2480 frondibus
1262 2383 1414 2453 animal.
1432 2386 1504 2452 cfr?
1512 2392 1680 2474 Pompon.
1703 2391 1805 2455 Mela.

356 2536 367 2542 -
399 2521 425 2560 ι.
447 2514 477 2572 4.
499 2497 565 2561 cic.
587 2491 655 2563 Off.
676 2515 704 2563 a.
730 2501 766 2574 63
802 2504 836 2558 et
854 2496 976 2558 Manil.
994 2512 1025 2571 4.
1053 2497 1116 2559 600
1133 2515 1183 2578 sq.
1202 2533 1245 2549 -
1265 2501 1333 2560 aut
1349 2494 1530 2576 quomodo
1550 2531 1594 2546 -
1612 2492 1699 2560 sint.
1721 2497 1805 2561 haee

396 2603 488 2683 apud
507 2599 662 2662 Cortium
681 2620 744 2681 per
762 2599 932 2661 incuriam
952 2598 1175 2663 librariorum
1194 2600 1357 2664 videntur
1379 2619 1451 2666 esse
1468 2599 1602 2664 omissa.
1623 2604 1806 2684 quaeple·

396 2723 529 2788 rosque
552 2699 703 2769 obtinet.
733 2702 865 2766 locutio
893 2723 997 2784 quam
1028 2704 1178 2766 maxime
1202 2704 1354 2771 insolita.
1384 2705 1464 2770 aliis
1489 2705 1574 2770 locis
1601 2715 1805 2770 neutrorum

319 2845 321 2850 ·
396 2821 508 2896 more,
535 2816 575 2873 ut
597 2815 719 2872 tenere
736 2809 831 2893 apud
844 2806 980 2871 Livium
1008 2807 1144 2875 dicitur.
1174 2807 1234 2872 olr.
1253 2809 1326 2872 Liv.
1343 2832 1392 2872 ar.
1412 2813 1462 2887 46.
1495 2805 1618 2876 ηιαΙίιιι
1641 2807 1805 2893 equidem

397 2917 440 2982 de
444 2912 534 3003 filio
555 2935 674 2982 verum
696 2935 783 2998 esse,
803 2915 904 2997 quod
917 2921 954 2977 et
966 2915 1095 2998 plures
1116 2911 1301 2980 tradidere
1320 2925 1507 3002 auctores,
1527 2912 1689 3008 etfama
1712 2911 1805 2981 obti-

395 3018 488 3090 nuit.
510 3021 558 3086 id.
580 3045 605 3086 ι.
625 3037 655 3099 4.
664 3016 780 3112 sama
801 3025 915 3100 tenet;
946 3029 980 3085 et
1000 3023 1092 3106 apud
1109 3019 1199 3102 juris
1223 3022 1397 3086 consultos
1424 3021 1610 3108 saepissime
1637 3021 1806 3106 imperso-

395 3126 473 3190 nale
507 3137 571 3210 εει,
591 3147 655 3210 pro
678 3146 776 3210 usus,
806 3131 1024 3208 consuetudo·
1047 3136 1107 3193 est.
1137 3148 1158 3192 a
1187 3137 1304 3195 nostro
1330 3129 1408 3194 loco
1439 3147 1510 3192 nou
1541 3127 1645 3212 plane
1673 3127 1804 3211 aliena,

395 3251 471 3312 quse
496 3230 586 3314 apud
615 3230 752 3295 livium
773 3232 946 3316 leguntur.
976 3255 1005 3314 9.
1030 3239 1080 3309 43.
1102 3231 1227 3299 amnia
1248 3230 1391 3300 obtinet
1413 3233 1550 3298 caedes.
1572 3249 1622 3313 29.
1647 3249 1696 3315 27.
1717 3249 1805 3297 noe·

398 3345 468 3398 tem
489 3333 734 3417 insequentem
754 3336 877 3399 eadem
902 3335 1024 3427 caligo
1045 3335 1218 3402 obtinuit.
1237 3341 1268 3402 8.
1291 3341 1338 3402 ι3.
1361 3359 1443 3402 eum
1470 3335 1595 3404 amnia
1615 3358 1691 3403 non
1720 3356 1805 3422 apes

396 3436 513 3524 magis
539 3441 730 3504 Romanae
750 3461 858 3521 quam
888 3439 1066 3529 beneficiis
1079 3451 1195 3532 parta
1219 3441 1349 3532 gratia
1370 3443 1467 3509 bona
1491 3465 1587 3528 pace
1615 3439 1804 3509 obtineret.

398 3559 581 3621 occupare
600 3541 648 3602 ita
672 3542 801 3602 dicitur
822 3545 915 3624 apud
939 3547 1034 3628 Virg.
1058 3549 1140 3608 Aen.
1168 3552 1198 3608 3.
1221 3564 1290 3626 494.
1313 3545 1537 3614 incredibilis
1556 3571 1679 3614 rerum
1689 3541 1805 3635 sama

397 3652 553 3730 occupat
584 3665 702 3710 aures.
729 3645 807 3708 Tae.
834 3643 921 3708 Hist.
943 3669 969 3711 1.
991 3649 1039 3730 76.
1074 3661 1316 3737 occupaverat
1344 3651 1488 3720 animos
1510 3654 1621 3737 prior
1646 3653 1805 3718 auditus.

395 3753 470 3836 pari
492 3755 596 3818 modo
621 3761 740 3819 cetera
762 3753 870 3817 animi
891 3755 1184 3843 perturbationes,
1214 3757 1413 3846 iracundia,
1427 3757 1644 3844 superstitio,
1668 3759 1721 3823 ira
1742 3764 1805 3822 etr.

396 3857 579 3940 sepissime
606 3859 740 3924 animos
761 3861 944 3925 hominum
971 3882 1137 3948 occupare
1160 3865 1333 3936 dicuntur.
1372 3867 1463 3929 hano
1483 3865 1680 3952 analogiam
1710 3883 1807 3928 meu·

395 3971 449 4026 tus
471 3979 542 4024 esse
566 3964 703 4028 videtur
725 3967 906 4048 Salustius,
937 3975 971 4029 et
991 3971 1086 4050 quod
1112 3989 1220 4054 graece
1245 3969 1437 4034 innumeris
1462 3971 1550 4035 locis
1578 3969 1681 4047 saise,
1712 3974 1807 4056 φῖμιι

392 4063 460 4160 ἴχιι
478 4095 521 4155 μι
540 4066 678 4152 dicitur,
698 4071 813 4134 minus
836 4070 1016 4135 insolitum
1037 4075 1105 4137 boc
1123 4075 1292 4156 loquendi
1311 4093 1419 4162 genus
1441 4085 1523 4142 erat.
1547 4073 1724 4140 diversum
1741 4080 1806 4139 est.

392 4176 485 4244 verb.
502 4175 607 4241 subst.
630 4194 698 4246 om.
715 4177 797 4244 Ven.
813 4193 842 4240 a.
859 4173 955 4268 regis
972 4175 1198 4263 Hiempsalis
1217 4176 1291 4264 qui.
1325 4181 1420 4246 hune
1435 4181 1622 4248 verborum
1646 4179 1807 4246 ordinem
