4108 4976
1607 423 1681 542 5ιό

274 611 304 675 5.
320 607 348 675 5.
363 607 448 678 Min.
463 628 491 671 1.
504 621 534 672 a.
548 607 640 673 Med.
653 627 681 676 1.
694 619 725 685 4.
739 629 767 693 7.
777 601 956 698 gnaviter.
976 611 1051 677 Vet.
1062 623 1093 686 4.
1111 609 1197 674 Ven.
1213 631 1240 677 1.
1258 631 1375 698 gnate
1377 606 1515 705 secere.
1523 615 1614 682 Med.
1631 639 1677 685 ιι.

273 714 303 776 5.
321 735 437 804 gnate
446 708 634 804 fecerant.
655 715 746 780 Med.
759 735 788 795 9.
809 715 899 779 Flor.
914 735 941 778 1.
961 711 1049 782 naui
1054 711 1232 805 fecerant
1250 714 1346 780 Eich.

285 877 289 880 .
358 821 436 903 Cap.
457 817 636 883 LXXVIII.
658 814 787 908 Syrtis.
808 821 883 884 Vct.
906 826 935 885 3.
961 825 990 886 5.
1010 819 1218 906 placetscir.
1241 821 1402 886 Schneid.
1424 826 1468 888 de
1484 825 1617 892 Formis
1636 829 1675 894 L.

270 927 310 989 1.·.
327 945 361 1008 p.
381 927 452 1000 5ι4.
483 933 646 989 extrema
665 919 813 1014 Africa.
835 924 1002 1012 intelligit
1023 945 1098 991 eam
1117 909 1249 1012 partem
1266 923 1399 1013 Atricae,
1420 949 1497 1012 quaa
1517 931 1674 1018 Aegypto
1731 945 1733 948 ’

244 1038 321 1096 est
339 1029 502 1116 finitima,
531 1051 635 1113 quam
664 1031 710 1093 ob
728 1021 802 1094 rem
830 1050 906 1096 eam
929 1041 1114 1096 extremam
1142 1029 1236 1097 dicit.
1262 1034 1345 1095 alta
1369 1027 1463 1118 alia,
1492 1036 1580 1104 alia.
1601 1039 1676 1103 haec

269 1135 385 1221 lectio,
411 1155 515 1218 quam
540 1157 630 1202 unus
645 1135 737 1201 liber
758 1144 889 1223 tuetur,
918 1138 1116 1202 certissima.
1141 1158 1244 1202 mare
1262 1153 1437 1227 magnum
1455 1159 1538 1204 esse.
1567 1140 1674 1218 dictio

269 1239 416 1325 simplex
438 1249 471 1306 et
490 1261 566 1323 quae
587 1251 716 1308 certum
735 1247 908 1326 quendam
937 1242 1152 1326 antiquitatis
1180 1241 1334 1306 colorem
1355 1242 1589 1327 praesefert.
1614 1243 1674 1310 cir.

269 1345 342 1410 Liv.
357 1363 404 1423 24.
422 1369 450 1427 9.
473 1369 591 1430 aquae
612 1369 767 1438 magnae
784 1346 838 1412 bis
857 1369 898 1414 eo
921 1345 1197 1440 annofuerunt.
1210 1345 1672 1438 -Syrtes-nominatae.

267 1452 359 1514 hanc
377 1453 527 1550 glossam
547 1454 641 1516 solus
668 1454 786 1521 Vati.
808 1454 933 1517 omisit.
955 1454 1124 1518 sedidem
1139 1453 1253 1518 verbis
1271 1451 1349 1544 ejus
1370 1449 1546 1538 civitatis,
1565 1455 1674 1538 parti·

246 1541 380 1619 ,culam
400 1556 518 1646 egitur
537 1558 717 1642 praeponit.
739 1561 1045 1647 Iegescultusque.
1066 1562 1157 1624 Med.
1173 1582 1199 1626 1.
1217 1575 1245 1620 a
1259 1561 1288 1620 8
1309 1562 1383 1624 Vat.
1400 1581 1426 1623 1.
1440 1560 1513 1635 4.5.
1534 1562 1673 1624 Barh.5.

199 1737 204 1746 .
267 1663 354 1730 Min.
371 1685 398 1726 a.
414 1663 509 1727 Eich.
531 1663 802 1747 rectescriptum
817 1671 912 1747 puto.
934 1661 1046 1726 multi
1064 1662 1226 1746 vastique
1246 1662 1324 1728 Ioci
1339 1673 1437 1728 eunt.
1468 1668 1587 1732 vato.
1607 1686 1675 1728 un·

266 1771 310 1832 de
330 1768 456 1850 aliquis
474 1769 645 1851 conjiciat,
664 1770 807 1831 verbum
828 1765 1078 1830 substantivum
1099 1785 1170 1830 esse
1190 1766 1388 1829 delendum.

348 1875 429 1956 Cap.
449 1867 594 1935 LXXIX.
617 1892 688 1954 per
707 1866 991 1954 Leptitanorum
1012 1866 1207 1958 negotia.
1203 1870 1227 1933 i.
1254 1889 1283 1936 e.
1305 1891 1383 1932 cum
1406 1871 1450 1934 de
1472 1873 1672 1956 Leptitano-

265 1999 343 2041 rum
363 1979 464 2041 rehus
487 1977 674 2063 egerimus;
701 1974 831 2038 similia
851 1983 947 2037 sunt.
976 1993 1039 2058 per
1056 1973 1229 2060 ordinem,
1260 1973 1429 2059 officium,
1456 1986 1670 2060 potestatem.

264 2105 343 2149 earn
355 2105 429 2148 rem
440 2085 543 2147 Iocus
563 2078 778 2147 ammonuit.
798 2081 890 2144 Med.
903 2095 931 2155 4.
952 2077 1431 2149 remloeusadmonuit.Vat.
1443 2082 1471 2143 5.
1493 2101 1554 2146 eos
1567 2103 1669 2172 mag-

264 2209 331 2272 no,
352 2186 528 2252 diuturno
550 2181 752 2249 bellointer
767 2181 958 2249 rehabuit.
980 2188 1063 2250 Ven.
1077 2189 1108 2248 5.
1128 2189 1188 2249 sed
1198 2204 1343 2270 praepos.
1362 2181 1401 2248 in
1415 2185 1524 2251 deleri
1535 2187 1591 2251 vix
1604 2209 1670 2272 po-

244 2301 338 2358 ·test.
359 2291 491 2355 habere
511 2289 549 2354 in
571 2289 664 2353 bello
685 2289 830 2375 dictum',
851 2296 891 2352 ut
912 2285 951 2353 in
973 2285 1157 2374 custodia,
1179 2287 1331 2354 vinculis
1341 2291 1482 2355 habere.
1503 2291 1562 2358 cfr.
1576 2297 1670 2378 apud

261 2399 334 2465 Liv.
350 2401 397 2458 26.
414 2412 460 2472 ι4.
482 2395 613 2458 habere
632 2391 753 2460 socios
774 2392 877 2482 inflea
888 2391 1065 2486 fortuna.
1086 2393 1135 2457 id.
1155 2415 1188 2478 ι,
1207 2397 1255 2477 57.
1287 2392 1326 2458 in
1337 2391 1542 2484 fabrorum
1563 2394 1669 2461 mini·

260 2501 384 2568 eteriis
413 2524 458 2567 ac
480 2496 604 2566 servili
629 2507 706 2565 tam
737 2499 799 2565 diu
820 2498 966 2567 habitos
995 2523 1112 2586 opere.
1128 2537 1171 2552 -
1188 2521 1294 2583 saepe
1298 2494 1416 2587 susae
1424 2496 1669 2591 fugataeque.
1720 2553 1724 2560 .

260 2627 367 2694 saepe
380 2607 619 2673 invitoCortio
640 2607 898 2694 atypographis
919 2609 1022 2671 credo
1041 2608 1203 2671 deletum.
1226 2600 1298 2670 iter
1306 2626 1492 2694 peragere.
1514 2606 1563 2670 ita
1572 2609 1668 2678 Eich.

260 2734 349 2798 quae
378 2712 480 2778 lectio
512 2715 616 2778 etiam
646 2714 685 2798 in
709 2713 831 2797 Guelp.
847 2731 896 2774 ιο.
926 2715 1021 2795 quod
1042 2713 1156 2775 solum
1179 2718 1311 2784 rectum
1327 2711 1463 2795 putavit
1482 2714 1522 2778 V.
1542 2716 1586 2777 I).
1606 2719 1667 2778 sed

255 2840 410 2907 pergere
422 2819 496 2881 iter
514 2827 563 2881 est
576 2813 679 2882 etiam
696 2836 750 2901 ap.
763 2820 900 2884 Terent.
917 2820 1042 2900 Hecyr.
1059 2798 1127 2894 ria.
1144 2837 1168 2878 1.
1185 2837 1233 2895 19.
1255 2822 1289 2878 et
1303 2816 1448 2880 Hirt.de
1459 2817 1491 2876 B.
1511 2815 1615 2880 Afric.
1636 2839 1665 2881 e.

260 2929 310 3005 69.
330 2923 367 2987 id
387 2926 481 3005 quod
506 2923 575 2984 Cic.
598 2921 693 2984 dicit:
726 2943 841 3010 perge
865 2929 987 2984 tenere
1003 2919 1112 2985 istam
1131 2921 1245 2988 uiam.
1260 2938 1378 2984 sensus
1397 2921 1505 3005 igitur
1524 2931 1574 2986 est
1591 2923 1664 2988 hio:

258 3029 392 3092 nullam
412 3037 544 3112 partem
563 3027 635 3090 diei
656 3025 766 3107 quieti
784 3027 928 3108 dabant,
963 3028 1023 3088 sed
1046 3026 1187 3110 impigri
1207 3025 1274 3088 iter
1289 3025 1465 3108 inceptum
1483 3027 1665 3092 continue·

257 3138 351 3204 bant.
383 3154 560 3221 peragere
586 3139 698 3196 autem
721 3131 780 3194 vix
798 3131 869 3194 dici
888 3139 1016 3214 potest,
1041 3129 1120 3192 cum
1147 3132 1239 3193 inter
1258 3151 1317 3194 eos
1335 3131 1406 3195 non
1427 3131 1668 3218 conmissa,

257 3244 421 3326 quemad
440 3240 553 3302 locum
567 3236 730 3322 progredi
747 3237 877 3300 liceret.
890 3273 933 3288 -
945 3237 1045 3300 nuda
1055 3231 1296 3327 gignentium.
1306 3234 1329 3303 i.
1338 3255 1366 3300 e.
1384 3232 1423 3308 ‘isi
1440 3231 1529 3318 puisi,
1549 3237 1662 3322 puopi-

247 3347 304 3418 ἰ...
323 3348 403 3410 vide
421 3343 514 3408 inira
532 3364 603 3428 cap.
622 3347 670 3424 93.
713 3343 875 3406 Latinum
893 3343 1000 3428 igitur
1016 3343 1161 3406 verbum
1177 3339 1330 3430 gignere
1347 3361 1411 3428 pro
1426 3351 1549 3406 neutro
1563 3363 1663 3406 usur-

254 3453 366 3541 pavit,
386 3460 424 3517 ut
444 3453 601 3515 Graeeum
623 3448 779 3537 γίγνομαι.
799 3447 918 3512 dativa
937 3451 1029 3532 apud
1050 3455 1204 3511 nostrum
1225 3446 1349 3532 sapius
1369 3467 1433 3531 pro
1453 3447 1583 3511 neutris
1600 3469 1663 3532 po-

255 3561 293 3624 ni
306 3561 380 3640 jam
397 3577 499 3642 supra
522 3541 580 3620 est'
591 3556 771 3619 monitum.
802 3553 963 3618 similiter
981 3553 1053 3616 Liv.
1068 3553 1097 3620 5.
1114 3555 1163 3616 45.
1195 3573 1254 3615 res
1274 3559 1455 3616 moventes
1475 3551 1562 3616 dixit
1580 3573 1662 3635 pro:

254 3669 356 3731 rebus
366 3663 565 3730 mobrhbus
575 3660 757 3745 optionem
770 3652 1148 3745 Carthaginiensibus.
1163 3659 1239 3723 Vnt
1254 3677 1281 3718 1
1297 3660 1325 3720 5.
1346 3655 1531 3738 quaelectso
1543 3676 1659 3720 nescio

253 3793 299 3837 an
329 3769 546 3856 prestantior
572 3767 626 3830 sit.
658 3786 762 3848 quem
788 3759 827 3828 in
854 3764 976 3828 locum
1003 3764 1140 3825 vellent.
1173 3760 1315 3825 sortasse
1349 3756 1458 3822 velint
1484 3758 1660 3844 corrigen-

253 3879 417 4065 dumciii.
432 3981 559 4044 LXXX.
590 3976 776 4041 Gaetulos.
809 3973 926 4036 Graece
941 3969 1102 4042 tutona.
1125 3969 1184 4032 cfr.
1203 3970 1323 4032 Strabo
1342 3989 1392 4057 17.
1404 3970 1433 4035 5.
1455 3965 1487 4052 p.
1504 3967 1574 4043 485.
1596 3971 1655 4034 Ed.
1711 3997 1712 4002 ι

251 4089 403 4154 Tauchn.
425 4097 459 4150 et
477 4099 547 4165 494.
569 4101 716 4164 quorum
738 4079 835 4141 sedes
852 4077 1019 4158 usquead
1038 4075 1154 4158 Syrtes
1167 4073 1371 4159 pertinuisse
1385 4072 1446 4138 ille
1461 4083 1579 4135 auctor
1595 4083 1654 4135 est.

250 4213 357 4278 quare
384 4192 488 4256 etiam
515 4190 603 4272 apud
621 4187 717 4270 Virg.
739 4184 822 4246 Aen.
845 4183 874 4258 5,
891 4198 958 4262 192.
981 4182 1159 4245 Gaetulae
1179 4182 1303 4268 Syrtes
1323 4179 1493 4242 dicuntur.
1521 4176 1580 4240 cfr.
1599 4196 1657 4240 su·

249 4321 313 4387 pra
334 4319 382 4367 ιι.
409 4297 499 4361 Flor.
512 4312 542 4371 4.
564 4292 627 4358 suh
651 4290 709 4356 fin.
741 4289 834 4352 Mela
852 4309 879 4350 ι.
898 4286 1046 4364 4.,Ρ15ιι.
1060 4289 1089 4350 5.
1104 4300 1133 4361 4.
1153 4286 1220 4348 Sed
1247 4287 1314 4350 hoc
1335 4287 1414 4350 loco
1435 4283 1527 4348 haud
1550 4283 1656 4348 dubie

1192 4391 1355 4471 55·
