4108 4976
1597 430 1668 526 345

268 627 413 701 nexa.
435 623 479 698 c.
508 581 679 714 caeuium
702 621 890 712 Metellus,
912 625 981 698 cn.
1005 561 1178 726 raptatus
1205 623 1425 702 orroeos.

350 745 539 830 Adherbal,
559 745 680 830 praelio
707 748 751 810 ad
771 745 901 810 Cirtam
925 747 1047 809 urbem
1066 745 1186 830 rictus,
1205 767 1247 811 eo
1267 747 1366 834 fugit.
1385 751 1468 815 urbs
1485 727 1671 819 obsidetur.¹

268 851 373 966 legati
394 851 544 916 Romani
563 851 609 914 in·
620 849 773 915 Africam
794 850 900 916 missi.
941 853 987 935 (J.
1007 872 1035 916 c.
1056 848 1128 934 ar.)

160 1069 161 1074 ,
268 1009 430 1106 DCXLI
453 1007 506 1083 M.
530 1008 657 1083 Livius
682 1009 850 1101 Drusus,
872 1010 911 1083 L
938 1007 1173 1113 Calpurnius
1195 1008 1277 1084 Piso
1303 1011 1398 1084 Coss.

347 1131 470 1198 Literae
490 1133 533 1193 ab
554 1132 749 1196 Adherbale
769 1135 916 1196 Romam
936 1133 980 1195 ad
1001 1139 1156 1194 senatum
1176 1129 1297 1194 missae.
1316 1133 1460 1196 Scaurus
1480 1133 1613 1218 legatus
1630 1135 1671 1199 in

269 1235 417 1302 africam
437 1235 676 1320 proficiscitur.
724 1237 816 1300 Cirta
836 1245 944 1321 capta.
984 1236 1158 1302 Adherbal
1180 1237 1322 1306 occisus.
1350 1238 1483 1302 bellum
1503 1232 1671 1304 alioma-

269 1339 324 1403 nis
341 1343 521 1426 Iugurthae
540 1341 721 1407 indictum.
762 1345 810 1415 (J.
828 1343 942 1426 opp.)

259 1495 448 1572 'DCXLII
474 1499 513 1571 P.
549 1497 747 1574 Cornelius
771 1499 897 1602 Scipio
922 1498 1073 1589 Nasica,
1110 1501 1151 1574 L
1176 1498 1409 1603 Calpurnius
1433 1500 1554 1576 Rastia
1577 1503 1674 1578 Coss.

348 1619 535 1702 Calpurnio
555 1621 720 1684 Numidia
739 1622 918 1706 provincia
938 1625 1084 1686 decreta.
1127 1623 1309 1703 ,Iugurtha
1328 1620 1434 1704 legati
1454 1621 1555 1684 Italia
1575 1625 1677 1686 dece-

270 1725 351 1786 dere
365 1723 470 1802 jussi3
490 1724 623 1786 bellum
649 1726 830 1806 Jugurthae
854 1723 1002 1784 illatum.
1049 1723 1210 1784 Consulis
1229 1725 1362 1806 legatus
1381 1725 1527 1787 Scaurus
1547 1727 1677 1810 etipse

267 1828 413 1912 pecunia
433 1835 624 1910 corruptus.
643 1847 807 1911 parcum
826 1829 996 1911 iugurtha
1015 1825 1112 1889 sacta.
1133 1826 1222 1889 acris
1243 1826 1400 1890 Memmii
1421 1829 1535 1892 oratio
1554 1839 1675 1895 contra

267 1931 413 1998 nobiles.
462 1934 592 1996 Praetor
611 1931 744 2028 Cassius
772 1931 812 1997 in
830 1931 983 1997 Africam
1002 1929 1133 1997 mhsua
1173 1932 1345 2022 Iugurtha
1364 1935 1512 1997 Romam
1532 1936 1677 2002 arcessi-

267 2044 333 2100 tur.
354 2037 399 2122 (J.
420 2059 449 2100 c.
463 2037 634 2119 28-34.)

213 2267 222 2281 ,
267 2195 467 2271 DCXLIII
492 2197 543 2270 Μ
568 2183 770 2272 Minucius¹
788 2195 926 2298 llufus,
951 2197 1012 2301 Sp
1035 2197 1251 2272 Postumius
1272 2193 1437 2272 Albinus
1463 2195 1559 2270 Coss.

346 2319 527 2402 Iugurtha,
546 2317 692 2382 Massiva
712 2319 933 2402 persicarios
952 2318 1150 2404 interiecto,
1168 2319 1268 2382 Italia
1288 2315 1582 2394 decedercjussus.
1599 2315 1677 2380 bel-

266 2420 341 2484 lum
361 2423 404 2483 ab
423 2422 552 2486 Albino
581 2433 801 2510 renoratum,
825 2427 885 2488 scd
912 2425 1063 2510 segniter
1081 2432 1225 2511 gestum.
1266 2423 1395 2486 consul
1406 2424 1554 2488 Romam
1573 2421 1679 2506 redit,

266 2524 372 2591 fratre
391 2528 482 2592 Aulo
503 2537 715 2615 propraetore
732 2530 772 2594 in
792 2529 909 2594 castris
927 2530 1062 2596 relicto.
1100 2529 1252 2615 (augea.
1265 2530 1331 2609 ³6.)

206 2700 209 2706 “
262 2681 466 2776 DCXIIV.
487 2683 538 2782 Q
565 2687 741 2763 Caecilius
761 2686 938 2792 Metellus
948 2682 1566 2776 Numidicus‚MJuniussilanm
1580 2685 1678 2760 Cosa.

176 2831 179 2842 ·
347 2803 541 2889 Propraetor
559 2808 668 2868 Aulus
687 2826 765 2869 cum
786 2808 936 2870 exercitu
956 2825 977 2866 a
993 2808 1165 2889 Iugurtha
1183 2806 1248 2867 sub
1261 2805 1385 2890 jugum
1399 2805 1532 2868 missus.
1553 2803 1676 2867 foedus

268 2927 345 2971 cum
364 2908 607 2996 rego'lactum
628 2913 688 2972 sed
709 2929 730 2971 a
755 2917 875 2972 senatu
902 2909 1109 2994 neglectum.
1145 2908 1296 2992 Rogatio
1323 2908 1492 2970 Mamilia.
1530 2907 1675 2971 Metello

267 3015 341 3076 Cos.
361 3011 477 3076 Africa
495 3013 675 3097 provincia
696 3016 841 3078 decreta.
870 3012 1054 3096 disciplina
1074 3013 1239 3076 exercitus
1259 3013 1426 3075 restituta.
1464 3003 1572 3077 Vacca
1593 3032 1677 3096 cap·

267 3125 312 3179 ta.
341 3117 498 3200 praelium
529 3121 619 3203 apud
640 3120 773 3182 Muthul
800 3122 928 3182 flumen
949 3116 1181 3181 commissum.
1228 3118 1330 3179 Zama
1350 3116 1473 3180 frustra
1493 3137 1514 3180 a
1534 3117 1676 3182 consule

268 3231 472 3308 oppugnata.
512 3225 560 3302 (J.²
577 3245 605 3287 c.
623 3227 794 3306 37-61.}
1274 3224 1281 3240 '

263 3365 447 3492 DCXLV.
463 3382 563 3456 Serv.
573 3381 765 3485 Sulpicius
778 3379 915 3468 Galba,
922 3379 972 3452 M.
984 3376 1166 3453 Aemilius
1176 3361 1339 3452 Scaurus
1347 3378 1571 3453 Hortensius
1579 3380 1676 3456 Cosa.

348 3503 509 3566 Metellus
528 3503 713 3588 proconsul
735 3523 813 3565 cum
833 3503 1006 3586 Iugurtha
1025 3505 1069 3564 de
1087 3520 1171 3586 pace
1191 3500 1273 3584 agit.
1294 3499 1428 3563 deditio
1447 3519 1467 3562 a
1487 3520 1567 3584 rege
1588 3499 1676 3564 lacta

269 3614 430 3690 etpoatea
444 3608 579 3672 amissa.
612 3609 724 3674 Vacca
735 3609 833 3692 urbs,
845 3626 921 3689 quae
934 3610 978 3669 ad
990 3608 1197 3692 Iugurtham
1209 3605 1397 3689 defecerat,
1416 3626 1437 3666 a
1457 3606 1598 3668 Metello
1619 3623 1678 3668 re-

267 3717 373 3794 oepta.
397 3712 589 3796 conjuratio
609 3720 729 3774 contra
750 3733 864 3800 regem
884 3711 1087 3775 aNahdalsa
1108 3719 1141 3771 et
1160 3710 1349 3772 Bomilcare
1370 3709 1457 3774 facta
1478 3717 1512 3770 et
1534 3709 1674 3772 detecta.
1743 3731 1750 3760 ι

267 3817 438 3902 Iugurtha
459 3818 604 3880 Thalam
625 3815 789 3901 profugia
810 3819 883 3879 haec
903 3816 985 3878 urbs
1005 3833 1026 3876 a
1046 3813 1187 3875 Metello
1207 3813 1341 3876 obsessa
1362 3821 1396 3875 et
1416 3819 1522 3893 capta.
1549 3813 1677 3896 Iugur-

203 3950 205 3956 ·
269 3923 329 3985 tha
349 3929 384 3986 ct
401 3924 564 4007 Bocchus,
583 3940 642 3985 rer
662 3919 890 4004 Mauritania,
910 3919 1036 3984 loedcre
1056 3914 1158 4002 lacto,
1178 3915 1369 3995 conjunctis
1389 3915 1594 3982 exercitibus
1603 3915 1676 3992 Cir·

269 4033 339 4090 tam
360 4025 584 4091 contendunt.
624 4029 675 4108 (J.
700 4024 919 4106 uda—81.)

256 4159 468 4259 Διιιιιιινι.
495 4185 534 4256 n
562 4159 707 4260 cassius
731 4179 941 4285 Longinus,
968 4179 1006 4254 c
1031 4177 1179 4252 Marius
1203 4178 1298 4252 coss„
1444 4252 1447 4260 Δ

224 4352 236 4372 2
350 4304 524 4372 Metello
513 4303 698 4390 imperium
724 4303 763 4370 in
783 4301 1010 4382 Numidia,u
1022 4307 1142 4369 senatu
1166 4305 1406 4386 prorogatum,
1435 4315 1456 4360 a
1483 4297 1586 4383 plebe
1614 4295 1678 4361 ab·

1224 4413 1275 4542 ³⁹.
