4116 4970
1632 359 1681 438 65

282 565 380 632 Barb.
395 587 421 627 1.
434 581 462 628 2.
477 571 506 629 3.
516 566 605 629 Flos.
625 588 650 628 1.
663 568 753 629 Med.
767 569 796 629 6.
817 569 891 630 Vct.
908 585 935 628 ι.
950 581 977 626 s.
992 565 1022 635 3.
1038 581 1068 640 4.
1083 567 1111 628 5.
1132 562 1271 644 aliique.
1283 563 1414 626 adulta
1432 569 1555 626 aetate
1572 562 1676 628 habet

283 668 350 730 Cic.
360 671 453 732 Verr.
467 671 495 731 5.
510 673 557 732 63.
578 673 700 732 Utrum
719 671 842 733 rectius
855 671 915 752 sit,
937 672 1030 732 haud
1049 671 1148 733 facile
1158 669 1324 732 statueris.
1345 672 1509 730 Neutrum
1521 666 1612 728 enim
1625 687 1676 731 sa·

281 771 506 849 tisjusitatum.
522 759 676 836 'vacuum
688 775 843 838 domum.
858 773 981 834 iisdem
992 774 1062 836 fere
1075 773 1188 836 verbis
1197 774 1263 834 Cic.
1278 775 1368 833 Orat.
1379 771 1416 832 in
1429 773 1497 832 Cat.
1513 793 1538 832 1.
1549 774 1574 833 6.
1591 769 1681 853 quid

282 873 392 939 vero?
412 897 542 960 nuper,
562 897 644 940 cum
665 883 784 939 morte
794 881 994 957 superioris
1012 873 1144 938 uxoris
1164 871 1267 938 novs's
1287 871 1427 954 nuptiis
1451 873 1596 936 domurn
1617 895 1676 938 va·

282 997 388 1040 cuam
400 973 570 1064 fecisses,
590 998 712 1042 nonne
731 976 806 1041 alio
827 975 1034 1040 incredibili
1057 979 1190 1040 scelere
1217 978 1286 1040 boc
1308 979 1425 1038 scelus
1447 973 1677 1042 cumulasti?

278 1070 447 1163 impurus
468 1082 491 1142 i.
516 1101 545 1144 e.
573 1081 780 1166 flagitiorum
809 1083 1018 1145 conscientia
1047 1091 1148 1163 utque
1178 1079 1384 1144 libidinibus
1407 1083 1674 1165 contaminatus,

280 1183 458 1266 pollutus:
486 1205 604 1268 oppos.
626 1184 766 1272 integer
787 1183 880 1249 v'itae
899 1181 1114 1267 scelerisque
1130 1205 1256 1268 purus.
1278 1185 1362 1247 alibi
1378 1185 1544 1266 impudici
1565 1186 1656 1267 potis

280 1286 405 1350 simum
425 1288 554 1372 impuri
577 1291 746 1352 dicuntur.
758 1285 922 1380 infestus.
942 1302 1078 1353 auctore
1091 1292 1205 1354 Gellio
1222 1311 1250 1369 9.
1273 1313 1319 1351 12.
1340 1289 1533 1372 appellatur
1553 1289 1592 1372 is,
1613 1287 1674 1369 qui

280 1393 409 1455 malum
426 1393 531 1456 infert
549 1395 698 1477 cuipiam
719 1402 886 1477 etcoutra,
907 1395 1113 1458 cuialiunde
1130 1394 1304 1478 impendet
1318 1394 1456 1455 malum.
1479 1389 1673 1474 quietibus.

279 1496 423 1580 pluralis
438 1517 600 1562 numerus
609 1501 794 1562 multorum
804 1501 984 1562 nominum
1000 1499 1176 1562 aSclustio
1185 1499 1343 1580 usitatus,
1364 1497 1424 1578 qui
1435 1498 1526 1579 apud
1546 1504 1674 1558 ceteros

281 1601 463 1684 scriptores
483 1601 554 1666 fere
575 1623 741 1684 nusquam
750 1613 808 1666 aut
823 1604 932 1666 rarius
940 1605 1097 1667 occurrit.
1107 1625 1138 1666 v.
1154 1625 1182 1667 c.
1195 1607 1305 1683 luces,
1315 1621 1428 1684 paces
1439 1646 1448 1682 ‚
1456 1597 1599 1688 famae.
1613 1597 1673 1666 cfr.
1787 1663 1793 1680 ,

280 1705 412 1790 Fragm
433 1707 551 1774 incest.
572 1707 693 1770 libror.
707 1711 756 1770 50.
778 1717 811 1772 ct
830 1710 923 1794 Serg.
954 1709 992 1771 iu
1012 1719 1084 1772 orte
1107 1729 1171 1776 sec.
1191 1711 1280 1771 Don.
1296 1729 1328 1790 p.
1361 1708 1437 1781 ι643
1460 1707 1593 1768 Putsch.
1615 1708 1674 1768 sed

281 1806 418 1889 quietes
444 1812 547 1874 etiam
567 1815 660 1894 apud
682 1813 880 1876 Ciceronem
914 1815 956 1874 de
982 1811 1078 1879 Offie.
1104 1835 1130 1874 1.
1147 1829 1195 1891 29.
1229 1811 1315 1874 ludo
1342 1818 1378 1872 et
1396 1807 1488 1898 joco
1511 1805 1570 1870 uti
1589 1807 1675 1870 licet

278 1908 377 1974 sicut
395 1934 522 1978 somno
545 1925 581 1978 et
602 1911 731 1980 ceteris
751 1913 941 1998 quietibus.
962 1917 1065 1980 etiam
1088 1919 1220 1978 Lucret.
1243 1937 1268 1976 1.
1285 1929 1354 1990 404.
1377 1910 1512 1994 quietes
1523 1912 1670 1975 terarum

280 2016 410 2079 cubilia
430 2019 526 2081 dixit.
559 2015 614 2082 ita
634 2021 657 2081 i.
679 2039 708 2084 e.
728 2024 825 2088 adeo.
845 2021 906 2082 cfr.
925 2023 1034 2089 Plaut.
1057 2023 1147 2087 Rud.
1171 2041 1196 2080 1.
1217 2041 1244 2085 1.
1262 2023 1291 2084 5.
1312 2018 1389 2083 Aul.
1408 2022 1437 2078 3.
1463 2039 1491 2082 1.
1514 2020 1543 2077 5.
1573 2023 1672 2078 totus

281 2119 385 2182 doleo
406 2121 517 2202 atque
537 2120 669 2203 oppido
687 2123 798 2205 perii,
821 2121 876 2186 ita
897 2129 952 2185 rne'
973 2122 1040 2186 istc
1060 2119 1190 2186 babuit
1210 2141 1317 2183 senex
1341 2116 1581 2206 gymnasium.
1612 2117 1671 2180 cfr.

279 2327 486 2408 perturbata.
516 2326 579 2394 cfr.
605 2327 698 2412 Virg.
727 2330 810 2392 Aen.
846 2346 876 2404 4.
903 2334 972 2392 3οι.
1020 2331 1140 2418 Tbyas
1172 2323 1363 2392 commotis
1391 2325 1515 2390 excita,
1540 2325 1669 2395 sacris.
1739 2325 1742 2330 ’

281 2430 381 2497 Ovio.
404 2435 483 2512 Met.
503 2449 531 2492 2.
554 2453 613 2512 779
635 2430 694 2496 nic
705 2428 860 2522 fruitur
879 2454 1005 2499 somno
1029 2431 1240 2522 vigilacibus
1263 2428 1383 2494 excita
1401 2430 1550 2494 curis·-
1579 2451 1665 2494 con·

278 2529 434 2600 scientia
444 2547 482 2598 ut
490 2556 591 2620 supra
601 2538 754 2602 conscius
774 2538 910 2601 animus
930 2539 989 2600 etr.
1010 2543 1101 2604 Curt.
1117 2543 1145 2604 3.
1165 2540 1193 2598 6.
1212 2559 1240 2616 9.
1262 2546 1390 2610 «ratus
1412 2533 1558 2618 aliquas
1578 2557 1668 2602 con·

276 2635 454 2702 scientiae
472 2650 582 2704 notas
601 2635 640 2702 in
662 2637 739 2723 ipso
761 2662 826 2705 ore
840 2663 948 2724 posse
967 2643 1221 2725 deprehendere
1239 2677 1281 2691 —
1300 2649 1448 2704 vastare
1469 2642 1490 2703 i.
1507 2661 1534 2703 e.
1559 2643 1675 2704 turba·

280 2741 393 2825 babet,
413 2746 456 2808 de
477 2754 591 2808 mente
612 2747 825 2808 deturbabat.
842 2749 983 2810 insolita
1003 2767 1084 2810 sane
1105 2748 1222 2830 dictio,
1242 2749 1300 2809 sed
1322 2747 1490 2830 apropria
1499 2748 1600 2824 hujus
1613 2766 1674 2810 vo·

280 2845 587 2931 eissignifica'tioue
597 2853 688 2911 haud
708 2851 811 2931 plane
833 2851 955 2914 aliena.
978 2853 1080 2911 Haud
1099 2870 1236 2931 prorsus
1250 2851 1417 2931 absimile,
1432 2853 1524 2930 quod
1539 2851 1578 2912 in
1599 2853 1677 2935 Jug.

281 2971 310 3016 o.
330 2953 518 3036 41.legitur
537 2953 697 3016 avaritia
726 2954 907 3032 invadere,
927 2955 1100 3036 'polluere
1120 2961 1156 3015 et
1176 2961 1318 3014 vastare
1340 2951 1474 3016 onmia.
1495 2963 1528 3014 et
1547 2954 1676 3014 Tibull·

281 3053 374 3137 Eleg.
395 3073 424 3129 4.
444 3078 470 3116 1.
491 3060 557 3118 ι53.
579 3064 690 3136 atque
710 3057 802 3119 duae
819 3055 940 3142 gelido
963 3063 1154 3119 vastantur
1164 3051 1317 3142 frigore
1334 3077 1481 3138 semper.
1501 3055 1561 3118 cir.
1572 3075 1674 3141 supra

281 3175 354 3240 cap.
369 3161 397 3220 5.
418 3157 564 3220 anunus'
585 3166 706 3222 vastus
725 3169 758 3222 et
778 3179 880 3241 quem
902 3161 953 3222 ibi
968 3159 1105 3221 laudavi
1115 3159 1288 3221 Ciceronis
1308 3159 1438 3222 locum:
1479 3183 1574 3242 quae
1594 3162 1676 3226 bur-

282 3258 388 3325 baria
426 3259 538 3325 India
569 3260 707 3325 vastior
733 3273 801 3325 aut
821 3260 1030 3351 agrestium
1066 3260 1130 3325 ubi
1149 3265 1279 3326 Nouius
1310 3262 1447 3329 vastior
1486 3267 1578 3329 idem
1604 3267 1675 3352 sig-

280 3366 421 3430 uificare
439 3377 553 3449 putat,
575 3369 668 3449 quod
679 3361 861 3455 ferocior.
893 3369 1049 3449 Accedit,
1071 3372 1165 3448 quod
1186 3371 1294 3430 multa
1314 3369 1383 3430 alia
1402 3371 1505 3432 verba
1526 3380 1559 3434 et
1578 3373 1675 3434 locu-

281 3471 393 3536 tiones
415 3473 583 3535 translate
609 3474 690 3534 huic
710 3473 1002 3537 simillimeesuut.
1025 3495 1113 3558 egr.
1135 3477 1267 3536 Lueret.
1291 3476 1318 3536 5.
1338 3477 1387 3550 46.
1410 3485 1571 3558 quantae
1592 3497 1661 3541 con
1713 3455 1720 3462 .

277 3573 453 3639 scindunt
472 3575 651 3639 bominem
674 3573 881 3659 cuppedinis
903 3599 1007 3642 acres
1015 3577 1214 3643 sollicitum
1236 3599 1348 3643 curae
1364 3591 1423 3654 ..et
1442 3602 1536 3643 mox:
1558 3601 1675 3662 quan-

282 3685 343 3740 las
354 3675 515 3760 efficiunt
524 3683 654 3742 clades.
675 3690 707 3742 et
725 3683 849 3746 Lucan.
863 3699 892 3754 4.
909 3684 978 3743 535.
1000 3683 1358 3763 nulliquetumultus
1381 3704 1569 3745 excussere
1590 3680 1675 3745 viris

282 3784 794 3864 mentesadsummapnratas.
814 3786 931 3870 ..Adde
944 3773 1100 3848 Juveiml.
1112 3785 1209 3846 Satir.
1227 3790 1273 3846 13.
1295 3786 1381 3864 139.”
1405 3807 1494 3866 quos
1504 3783 1577 3848 diri
1589 3807 1675 3852 con-

194 3951 198 3961 ,
281 3883 500 3974 sciafucti‚
529 3907 628 3952 mens
650 3887 757 3950 babet
777 3884 961 3952 attonitos
991 3899 1026 3952 et
1050 3890 1162 3952 surdo
1188 3888 1326 3951 verbere
1346 3887 1476 3963 caedit,
1508 3911 1583 3971 quae
1603 3892 1678 3956 loca

284 3992 419 4054 Curtius
446 3993 624 4076 congessit.
649 3989 757 4080 facie
789 3995 966 4073 voltuque.
997 3989 1122 4077 facies
1152 4001 1290 4056 auctore
1320 3994 1433 4057 Gellio
1475 4006 1523 4059 est
1545 3994 1677 4087 forma

282 4091 403 4158 omnis
427 4105 464 4158 et
485 4097 611 4159 modus
633 4105 668 4158 et
677 4091 839 4183 factura
862 4096 1037 4177 quaedam
1064 4097 1230 4180 corporis
1258 4101 1396 4170 totius„'
1413 4101 1677 4186 Quadrigarium

1230 4255 1255 4326 9
