4116 4970
253 2099 271 2128 Ι

383 426 426 497 ι8

378 627 429 678 tas
443 615 654 700 infirmatur,
676 635 746 697 quo
763 617 897 680 Cortius
914 618 1061 702 pulavit,
1082 623 1176 701 quod
1197 621 1305 687 altero
1322 621 1417 698 loco,
1436 624 1539 688 verba
1556 635 1591 689 et
1608 628 1708 710 opu-d
1717 629 1785 692 So-

380 720 531 788 Iustium
547 724 591 797 ⁵in
614 723 724 785 tribus
747 724 853 786 Codd.
872 724 986 787 Turio.
1008 726 1097 787 Flor.
1118 727 1231 790 Coeli.
1253 729 1377 792 omissa
1403 739 1495 792 sunt.
1540 733 1665 795 Melius
1686 735 1782 798 enirn

380 833 423 892 de
440 827 668 913 Quinctiliani
678 829 812 907 judicio
836 851 938 911 quam
960 833 1004 894 de
1020 831 1123 910 hujus
1141 834 1211 896 loci
1230 834 1301 899 fide
1319 831 1471 898 dubitari
1485 857 1601 922 posse,
1623 839 1784 903 doctissi-

378 955 453 998 mus
474 936 601 1021 editor,
612 935 850 1020 Spaldingius,
862 937 1006 1000 monuit.
1027 941 1145 1019 Neque
1158 941 1225 1003 hoc
1238 940 1525 1004 dissimulandum
1540 944 1737 1008 orationem*
1746 955 1781 1008 et

377 1041 490 1104 verbis
510 1052 543 1104 et
562 1042 740 1105 sententiis
761 1062 831 1105 essc
853 1051 1009 1104 ornatam
1032 1053 1134 1126 atque
1159 1046 1318 1130 politam.
1341 1047 1521 1128 ‚enuncia
1549 1049 1673 1133 etiam,
1703 1071 1782 1132 quer

377 1157 495 1212 auctor
516 1148 673 1211 Ciceroni
694 1147 905 1230 petulantius
925 1146 1084 1233 ingessit,
1104 1151 1148 1212 ab
1166 1151 1239 1230 ejas
1256 1150 1412 1217 moribus
1438 1155 1532 1217 baud
1550 1154 1664 1216 aliena
1685 1156 1783 1220 dixe-

374 1255 439 1339 ris,
460 1264 493 1318 et
516 1255 559 1317 ab
585 1255 674 1317 irato
701 1253 844 1321 bomine
865 1253 904 1316 in
926 1237 1108 1316 inimicum
1127 1253 1251 1333 jactari
1269 1277 1367 1339 posse
1387 1259 1558 1322 ridentur.
1596 1263 1647 1320 Ne
1673 1259 1784 1344 igitur

374 1361 411 1424 in
428 1361 614 1426 acerbitate
633 1359 881 1422 sententiarum
902 1352 1107 1438 offenderis;
1125 1361 1219 1424 haud
1242 1363 1429 1428 modestius
1452 1363 1546 1426 enim
1571 1364 1689 1427 Cicero
1710 1367 1782 1426 An-

376 1465 508 1530 tonium
527 1466 566 1529 in
586 1467 734 1529 secunda
752 1460 909 1528 oratione
928 1465 1123 1548 Philippica
1148 1467 1361 1554 objurgavit,
1381 1479 1414 1532 et
1428 1468 1655 1532 atrocioribus
1675 1469 1778 1532 ctiam

332 1613 334 1618 .
380 1571 598 1637 contumeliis
621 1572 695 1658 ipse
716 1591 735 1633 a
755 1571 852 1634 Fufio
876 1571 1020 1655 Caleno,
1039 1573 1182 1636 Antonii
1212 1574 1339 1658 amico,
1360 1583 1499 1638 vexatus
1522 1585 1580 1636 est.
1610 1573 1691 1659 (cfr.
1709 1574 1781 1638 Dio

375 1678 482 1761 Cass.)
508 1682 558 1743 Nc
571 1677 690 1743 stilum
711 1678 852 1759 quidem
868 1678 1017 1740 Salustio
1039 1680 1221 1765 indignum
1243 1679 1394 1744 dixeris:
1414 1681 1502 1744 inest
1519 1680 1613 1742 enim
1635 1699 1781 1764 magnus

374 1785 573 1848 facetiarum
592 1784 690 1868 lepos
710 1794 748 1847 et·
757 1803 861 1866 prava
881 1782 1058 1848 Ciceronis
1080 1785 1225 1848 ambitio
1240 1805 1435 1868 vanumque
1450 1785 1607 1870 gloriolae
1626 1785 1779 1848 studium

369 1891 482 1954 ,multa
503 1911 582 1952 cum
606 1888 721 1952 ironia
741 1888 880 1952 irrisum
903 1899 961 1952 cst.
990 1893 1071 1954 Haeo
1096 1893 1175 1955 ideo
1198 1891 1348 1976 monui,
1366 1909 1408 1952 ne
1427 1890 1504 1972 quis
1522 1889 1779 1973 Quintilianum

369 1998 521 2062 levitatis
536 1995 729 2079 insimulet,
749 1997 844 2076 quod
869 1995 958 2059 banc
967 1996 1159 2060 orationem
1172 2018 1192 2061 a
1206 1996 1354 2059 Salustio
1374 1996 1535 2078 scriptam
1550 2015 1620 2059 csse
1637 2005 1781 2078 putave-

374 2104 427 2166 rit.
453 2105 520 2168 Sed
546 2123 621 2166 eam
645 2121 665 2162 a
684 2102 912 2166 declamatore
937 2101 1053 2184 potius
1080 2123 1185 2184 quam
1209 2121 1230 2165 a
1255 2103 1624 2166 rerumtilomanarnm
1652 2101 1782 2161 floren-

374 2211 505 2274 tissimo
525 2220 662 2274 anctore
679 2227 753 2272 csse
773 2206 1018 2292 compositam,
1039 2230 1117 2272 cum
1142 2208 1244 2272 multi
1267 2207 1463 2286 conjectura
1477 2205 1621 2268 assecuti
1633 2223 1703 2268 esse
1726 2203 1781 2266 vi-

374 2319 551 2400 derentur,
570 2338 599 2380 e.
621 2336 670 2402 gr.
690 2313 826 2398 Lipsius
845 2314 941 2375 Varr.
961 2316 1068 2377 Lectt.
1088 2317 1116 2387 Ι,
1139 2316 1167 2376 8.
1190 2323 1224 2379 et
1244 2313 1432 2377 ominvtt.
1451 2311 1589 2377 Vossius
1610 2307 1780 2392 (devitiis

374 2424 541 2488 sermonis
558 2423 634 2484 Lib.
655 2416 747 2502 nl.)
770 2418 1072 2484 PetrusVictorius
1092 2421 1211 2504 (Varr.
1231 2422 1336 2482 Lectt.
1361 2420 1407 2482 rs.
1423 2415 1493 2501 3.);
1515 2425 1619 2480 totam
1633 2435 1705 2477 rem
1724 2411 1781 2476 di-

373 2532 522 2616 ligenter
546 2527 764 2611 pertractavit
783 2525 1003 2588 Sebastianus
1024 2527 1192 2588 Comedus
1213 2525 1250 2588 in
1278 2524 1390 2608 libro,
1410 2523 1473 2605 qui
1492 2516 1676 2608 Egnatius
1706 2519 1777 2582 sive

375 2637 586 2718 Quaestum
606 2633 789 2716 inscriptus
810 2643 870 2698 est.
889 2629 1073 2714 Erulgatus
1093 2639 1143 2691 est
1163 2629 1302 2692 Basilcae
1323 2628 1515 2711 sumptibus
1528 2627 1672 2687 loannis
1682 2625 1782 2707 Opo-

373 2741 444 2805 rini
465 2741 616 2804 MDLvl.
637 2740 704 2803 Sed
726 2760 802 2801 oum
824 2745 943 2800 auctor
963 2738 1030 2796 hoc
1051 2733 1118 2796 sibi
1138 2733 1321 2814 sumsisset,
1337 2741 1374 2794 ut
1389 2731 1563 2796 Ciceronis
1576 2747 1687 2793 mores
1701 2749 1779 2792 om·

374 2849 475 2912 nibus
494 2846 590 2910 vitiis
610 2845 780 2908 immunes
804 2863 876 2907 esse
898 2843 1056 2922 doceret,
1085 2837 1348 2902 declamationis
1374 2837 1534 2920 scriptori
1560 2837 1719 2918 iniquum
1740 2853 1780 2899 se

372 2955 520 3041 praebuit
535 2953 700 3033 judicem.
733 2950 923 3013 Multorum
945 2945 1052 3030 igitur
1074 2965 1150 3029 quae
1172 2943 1285 3007 attulit
1307 2953 1586 3028 argumentorum
1609 2944 1681 3008 baec
1703 2950 1775 3003 tan.

376 3064 553 3127 tummodo
574 3059 727 3123 firmiora
749 3075 819 3121 esse
838 3054 1009 3118 ridentur.

452 3166 605 3226 Primum
628 3165 735 3247 igitur
755 3165 839 3225 tales
860 3182 967 3224 causae
988 3160 1025 3222 in
1046 3167 1165 3222 senatu
1189 3157 1246 3241 agi
1270 3176 1339 3216 non
1354 3155 1534 3236 solebant,
1555 3153 1624 3215 nisi
1636 3159 1780 3235 propter

374 3269 621 3354 rempublicam
648 3265 841 3328 inimicitiae
863 3273 1023 3344 susceptae
1044 3261 1197 3326 luissent.
1227 3262 1294 3321 Scd
1317 3259 1356 3320 in
1376 3269 1497 3320 neutra
1518 3257 1673 3320 oratione
1693 3255 1779 3318 satis

372 3375 588 3462 'probabilem
610 3391 745 3435 causam
766 3367 958 3450 inveneris,
984 3387 1044 3428 cur
1074 3366 1162 3427 alter
1190 3367 1232 3426 de
1254 3362 1396 3425 alterius
1425 3364 1577 3426 moribus
1597 3363 1634 3423 in
1655 3367 1776 3424 senatu

372 3490 579 3564 conquestus
597 3477 711 3540 fuerit.
740 3480 858 3556 Neque
876 3471 1072 3538 Terentiam
1093 3490 1114 3532 a
1132 3469 1280 3532 Salustio
1302 3468 1501 3554 sacrilegam
1523 3467 1649 3529 dictam
1669 3465 1779 3529 fuine

372 3587 498 3668 aliquis
523 3580 712 3669 putaverit,
741 3580 869 3664 quippe
896 3599 997 3660 quam
1029 3577 1102 3662 ipse
1132 3583 1250 3660 postea
1275 3574 1312 3637 in
1340 3572 1599 3638 matrimonium
1629 3568 1773 3632 durcrit.

370 3695 440 3759 Sed‘
456 3695 523 3756 boc
544 3688 708 3774 explicari
727 3706 826 3773 posse
845 3685 1000 3771 videtur,
1022 3685 1050 3748 si
1072 3684 1211 3764 quidem
1235 3701 1275 3746 eo
1297 3690 1468 3763 tempore,
1494 3696 1563 3758 quo
1585 3675 1726 3738 Clodius
1753 3693 1776 3738 a

371 3800 505 3863 Milone
530 3817 632 3862 coesus
663 3805 734 3879 est,
762 3797 851 3856 hanc
880 3792 1070 3856 orationem
1099 3788 1257 3872 scriptam
1286 3805 1357 3849 csse
1386 3793 1564 3868 putamus;
1585 3783 1646 3844 sed
1671 3799 1776 3862 repu-

370 3915 478 3991 gnant
507 3904 671 3967 historica
702 3901 767 3964 clr.
792 3900 968 3963 declamat.
1002 3899 1044 3959 ΙΙ.
1076 3915 1147 3978 cap.
1176 3916 1205 3973 7.
1249 3897 1368 3972 Ncquc
1404 3890 1471 3950 hoc
1502 3887 1776 3970 negligendum,

370 4013 462 4094 quod
484 4009 545 4090 qui
563 4008 745 4093 profitetur
763 4025 799 4068 se
820 4021 1060 4088 responsurum
1082 4019 1172 4082 esse,
1193 3997 1230 4060 in
1252 3998 1359 4059 altera
1386 3993 1542 4057 oratione
1562 3991 1702 4054 initium
1723 3989 1774 4052 al·
1827 4039 1829 4044 ,
1852 4051 1864 4064 ,

368 4115 563 4182 tercationis
591 4111 820 4179 introduxisse
847 4109 980 4172 dicitur
1014 4109 1102 4170 Tum
1130 4108 1197 4166 hoc
1225 4102 1328 4166 etiam
1354 4119 1424 4162 non
1446 4098 1526 4161 satis
1546 4095 1777 4176 concinnum,

338 4235 340 4240 ’
368 4225 463 4304 quod
493 4221 554 4302 qui
584 4219 622 4282 in
657 4225 777 4280 senatu
804 4217 909 4278 verba
939 4214 1045 4298 iacit,
1078 4209 1201 4293 quaerit
1227 4204 1290 4270 ubi
1319 4225 1485 4288 querar,
1520 4221 1611 4282 quos
1641 4199 1775 4281 impr

368 4350 464 4416 rem,
501 4345 613 4412 neque
641 4323 754 4398 solum
785 4325 953 4410 populum
982 4323 1178 4385 Romanum
1207 4313 1267 4379 sed
1295 4309 1398 4376 etiarn
1427 4315 1581 4372 senatum
1608 4303 1772 4370 maledic·
