4116 4970
1600 405 1651 506 59

255 609 447 675 Graecarum
467 612 594 676 artium
614 631 717 698 opera
739 611 762 678 i.
779 631 809 678 e.
830 611 1010 697 delectari,
1029 608 1143 676 studio
1165 625 1284 673 eorum
1304 602 1397 688 cepi,
1418 619 1458 665 ea
1471 600 1652 685 eoncupis-

254 729 339 782 cere.
371 716 521 780 delubra
541 722 584 783 de
612 721 715 801 hujus
733 719 828 783 vocis
848 718 983 804 origine
1009 726 1042 781 et
1060 712 1226 801 primaria
1244 707 1494 795 significatione
1513 705 1657 767 variant.

256 821 411 884 aeterum
446 822 754 888 Grammaticorum
781 823 958 888 sententiae
987 823 1046 884 cir.
1070 823 1161 884 Serv.
1187 821 1230 881 ad
1259 819 1343 885 Aen,
1359 829 1390 873 a.
1415 813 1484 872 225.
1502 820 1536 873 et
1557 825 1586 885 t.
1616 813 1655 872 56

254 920 352 988 nihil
367 922 505 1007 reliqui
524 923 627 990 uictis
637 923 777 1018 secere.
807 927 933 990 iterum
954 947 1025 1009 cap.
1041 927 1090 988 28.
1116 943 1180 1008 pro
1201 941 1243 984 eo
1263 917 1368 982 Cicer.
1390 915 1428 979 in
1447 919 1542 982 Verr.
1556 931 1585 976 2.
1600 917 1654 987 35.

251 1031 360 1109 iquos
374 1031 462 1093 belli
483 1032 657 1094 calamitas
677 1032 830 1112 reliquos
850 1031 985 1095 iecerat.
993 1040 1025 1093 et
1035 1030 1144 1091 Plaut.
1164 1027 1280 1089 Bacch.
1304 1025 1333 1086 t.
1356 1045 1382 1083 ι.
1404 1038 1448 1082 ra.
1468 1019 1650 1100 reliquum

253 1125 296 1194 id
312 1129 570 1222 aurisaetum.
592 1157 703 1218 neque
723 1139 789 1200 hoc
804 1131 1041 1215 diffitendum,
1062 1139 1264 1196 structuram
1277 1127 1375 1190 illam
1390 1125 1492 1210 plane
1506 1145 1577 1189 esse
1591 1124 1653 1185 ab·

254 1254 419 1299 normam.
461 1237 639 1302 Genitivus
669 1240 822 1304 enimin
852 1238 913 1301 tali
944 1237 1095 1300 dictione
1132 1237 1247 1298 locum
1274 1233 1400 1294 habere
1429 1251 1499 1294 non
1530 1236 1655 1314 potest.

253 1339 367 1421 Quare
386 1359 449 1422 per
468 1340 732 1408 similitudinem
751 1346 935 1407 verborum
956 1343 1083 1403 factum
1114 1359 1184 1403 esse
1203 1335 1395 1423 putaveris,
1425 1343 1463 1396 ut
1483 1333 1655 1396 alienissi-

253 1461 317 1506 me
344 1450 519 1508 structurae
549 1445 851 1528 confunderentur.
888 1466 968 1508 nam
991 1442 1088 1508 nihil
1100 1440 1209 1528 pensi
1227 1443 1375 1526 habere,
1404 1442 1499 1521 quod
1519 1437 1655 1504 Curtius

254 1545 422 1631 contulit,
449 1548 520 1612 alio
542 1553 645 1614 modo
668 1571 738 1614 esse
757 1552 1017 1635 explicandum,
1045 1569 1147 1632 supra
1168 1547 1356 1610 docuimus.
1388 1541 1563 1633 fatigare
1581 1541 1604 1606 i.
1625 1561 1656 1608 e.

254 1650 418 1736 obruere,
438 1654 584 1722 vincere.
606 1654 666 1717 cfr.
686 1657 877 1718 Horat.Od.
893 1672 922 1718 a.
946 1675 1059 1717 11.11.
1080 1647 1171 1734 quid
1187 1646 1347 1714 oeternis
1370 1646 1547 1713 minorem
1566 1667 1654 1711 cort-

252 1748 348 1818 siliis
368 1753 520 1846 fatigas
549 1756 742 1822 animum?
782 1769 816 1824 et
836 1762 1008 1838 Od.4.14.
1026 1759 1073 1820 18.
1093 1759 1214 1820 devota
1242 1755 1346 1818 morti
1373 1764 1512 1838 pectora
1536 1753 1654 1818 liberae

255 1860 393 1939 quantis
414 1861 571 1946 fatigaret
592 1863 713 1926 ruinis.
732 1864 807 1929 val.
828 1865 935 1926 Flaec.
958 1883 987 1943 7.
1001 1862 1073 1936 384.
1096 1868 1162 1922 tua
1176 1881 1231 1923 me
1245 1859 1455 1948 grandaeva
1475 1853 1656 1947 fatigant

256 1961 414 2027 consilia
435 1973 470 2028 et
491 1964 641 2030 monitis
662 1969 748 2032 cedo
769 1966 901 2032 minor.
930 1966 989 2031 cfr.
1011 1968 1089 2050 Jug.
1106 1985 1178 2048 cap.
1196 1967 1244 2025 66.
1266 1972 1299 2026 et
1319 1965 1379 2046 Ep.
1401 1965 1443 2025 de
1464 1965 1548 2045 Rep.
1570 1963 1653 2028 ord.

259 2069 303 2130 11.
326 2073 374 2137 13.
398 2065 490 2134 vivos
511 2066 692 2134 interdum
705 2068 892 2159 fortuna,
911 2092 1017 2152 saepe
1031 2065 1165 2132 invidia
1168 2063 1329 2155 fatigat.
1351 2068 1508 2128 Ceterum
1518 2085 1655 2128 sensum

256 2175 351 2252 quod
373 2173 509 2257 attinet,
527 2169 701 2263 fatigare
720 2185 753 2238 et
775 2197 940 2238 exercere
965 2172 1144 2235 simillima
1164 2159 1252 2232 'sunt
1293 2173 1352 2220 -“
1376 2191 1422 2231 ne
1441 2190 1504 2252 pro
1524 2170 1671 2234 nedum·

257 2274 362 2338 etiam
382 2279 474 2359 apud
501 2277 639 2340 Livium
661 2288 693 2342 et
722 2278 921 2342 Ciceronem
952 2276 1109 2340 occurrit.
1131 2275 1190 2337 cir.
1206 2275 1281 2337 Liv.
1296 2278 1326 2337 3.
1338 2275 1387 2336 52.
1408 2273 1476 2340 Cic.
1489 2275 1549 2359 Ep.
1562 2275 1655 2339 Fam.

257 2399 288 2459 9.
307 2379 367 2442 fin.
387 2403 451 2464 pro
471 2378 691 2465 sapientium
715 2383 907 2468 complures
929 2384 1035 2446 Codd.
1053 2379 1166 2444 Italici
1178 2380 1308 2449 habent
1326 2376 1554 2460 sapientum
1578 2399 1655 2461 quae

258 2483 399 2565 quidem
432 2487 628 2550 terminatio
649 2487 804 2573 regulam
831 2507 851 2550 a
884 2487 1029 2551 Seiferto
1060 2496 1094 2550 et
1115 2488 1277 2548 Creuzero
1299 2487 1342 2548 de
1362 2484 1563 2562 hujusmodi
1580 2505 1658 2549 ver-

257 2587 311 2650 bis
331 2588 533 2655 confirmare
552 2591 698 2655 videtur.
718 2591 779 2655 ci'r.
798 2593 988 2656 Schneider
1007 2593 1049 2654 de
1070 2589 1192 2652 formis
1211 2591 1248 2652 L.
1269 2591 1307 2652 L.
1326 2609 1360 2674 p.
1376 2592 1445 2664 246.
1465 2609 1513 2672 sq.

349 2694 427 2778 Cap.
449 2696 523 2758 XII.
567 2697 789 2778 Sequebatur
806 2695 887 2760 vide
908 2717 1010 2780 snpra
1027 2715 1099 2779 cap.
1117 2699 1146 2757 3.
1175 2693 1359 2757 hebescere
1377 2694 1454 2778 pari
1475 2697 1578 2758 modo
1599 2695 1658 2759 Ci-

259 2815 337 2861 cero
359 2797 397 2861 in
417 2802 486 2861 Cat.
504 2803 531 2867 Ι.
548 2797 717 2884 patimur
736 2783 921 2866 hebescere
940 2797 1260 2885 (relanguescere)
1282 2795 1395 2860 aciem
1415 2798 1546 2861 horum
1567 2820 1655 2863 auc·

259 2897 438 2966 loricatis.
460 2912 492 2967 et
513 2905 636 2987 saepius
657 2906 750 2967 alias.
766 2905 910 2987 probro
938 2900 1075 2966 haberi.
1104 2905 1232 2966 Seneca
1249 2904 1309 2985 Ep.
1325 2901 1392 2964 XC.
1403 2899 1488 2990 jam
1507 2899 1657 2966 rustici-

260 3003 352 3069 tatis
372 3016 411 3070 et
430 3005 598 3072 miseriae
619 3016 687 3092 est,
709 3011 794 3072 velle
815 3015 991 3090 quantum
1013 3004 1105 3069 satis
1127 3013 1190 3070 est.
1211 3009 1269 3069 sed
1285 3004 1425 3088 probro
1442 3002 1571 3068 haberi
1584 3025 1657 3069 non

259 3117 310 3173 est
332 3105 490 3174 ludibrio
511 3109 648 3174 haberi.
669 3115 763 3194 quod
782 3112 909 3193 aliquis
929 3111 1080 3194 putavit,
1101 3113 1166 3174 sed
1171 3107 1407 3200 flagitiosum
1424 3103 1565 3191 putori.
1597 3109 1658 3175 cir.

260 3214 371 3277 Plaut.
391 3215 513 3298 Amph.
526 3237 553 3276 2.
573 3221 640 3282 130.
662 3237 766 3280 nemo
788 3213 826 3279 in
839 3215 982 3299 probro
997 3216 1103 3277 ducet
1114 3217 1340 3280 Alcumenae
1356 3222 1389 3276 et
1399 3213 1467 3276 Cic.
1482 3235 1545 3298 pro
1556 3217 1659 3280 noso.

260 3318 425 3382 Amerino
453 3340 546 3400 c.17.
572 3319 662 3385 Vita
683 3317 835 3403 rustica,
859 3340 968 3401 quam
990 3327 1031 3380 tu
1046 3317 1189 3401 probro
1213 3326 1248 3380 et
1268 3315 1419 3382 crimini
1439 3325 1555 3400 putas
1587 3341 1661 3386 esse

262 3432 442 3508 oportere.
476 3421 688 3488 innocentia
715 3428 782 3489 hoc
809 3427 886 3489 loco
918 3424 1063 3486 maxime
1084 3419 1265 3487 avaritiae
1286 3443 1356 3487 esse
1372 3423 1563 3508 oppositam
1578 3427 1659 3489 Cor-

261 3529 330 3593 tius
346 3529 487 3593 censuit.
506 3531 594 3593 Sane
614 3532 703 3591 hanc
723 3529 761 3592 in
783 3529 987 3595 sententiam
999 3527 1067 3591 Cic.
1087 3549 1151 3612 pro
1172 3525 1252 3614 lege‘
1267 3527 1422 3592 Manilia.
1443 3533 1534 3592 c.13.
1556 3530 1658 3595 dicit:

263 3655 309 3697 ae
317 3636 476 3716 primum
496 3641 635 3716 quanta
650 3633 861 3698 innocentia
878 3634 1005 3698 debent
1020 3655 1094 3697 esse
1110 3630 1358 3715 imperatores.
1381 3643 1414 3696 et
1427 3633 1661 3718 iniraJug.48.

262 3737 408 3803 Metelli
414 3735 625 3812 innocentia
645 3740 765 3802 eodem
786 3739 1064 3801 sensulaudatur.
1084 3739 1152 3798 hoc
1174 3745 1287 3799 tamen
1309 3737 1387 3800 loeo
1409 3733 1659 3801 innocentiam

263 3841 388 3906 rectius
407 3843 485 3906 vitae
505 3841 736 3928 integritatem
757 3849 790 3906 et
809 3843 1016 3927 probitatem
1043 3841 1288 3924 interpreteris.
1332 3861 1413 3904 nam
1442 3842 1486 3904 de
1513 3843 1662 3930 singulis

262 3947 357 4010 vitiis
376 3957 494 4031 postea
518 3956 637 4012 auctor
657 3947 800 4012 disserit.
837 3949 896 4010 sed
924 3948 990 4009 hoc
1019 3946 1096 4008 loco
1128 3946 1167 4008 in
1194 3945 1391 4010 universum
1419 3949 1462 4010 de
1490 3949 1661 4034 corruptis

265 4051 419 4114 moribus
429 4051 501 4137 agit
521 4061 553 4115 et
572 4055 640 4116 hoc
659 4055 774 4138 docet,
792 4051 864 4116 vita
883 4051 1082 4116 innocentes
1103 4071 1124 4113 a
1145 4051 1322 4138 flagitiosis
1343 4073 1407 4137 pro
1428 4052 1580 4116 inimicis
1599 4051 1660 4114 ha·

146 4251 151 4260 .
264 4154 357 4220 bitos
377 4173 457 4221 esse.
476 4155 604 4242 quippe
621 4156 802 4223 diversitas
822 4155 1014 4223 studiorum
1034 4175 1112 4222 cum
1133 4157 1219 4222 alias
1239 4156 1360 4223 odium
1382 4157 1483 4242 parit,
1504 4165 1576 4219 tum
1590 4153 1664 4218 vir·

1101 4283 1127 4340 ³&
