4116 4970
1630 445 1674 493 21

360 609 412 674 De
432 607 531 671 Livio
550 609 676 674 Seneca
697 609 933 694 (controvers.
951 624 1001 685 aa.
1020 634 1054 694 p.
1072 627 1142 692 274.
1158 613 1217 676 Ed.
1237 611 1330 698 Bip.)
1352 612 1477 687 ..Time
1490 619 1602 676 antem
1623 615 1682 678 Li-

236 791 240 802 ,
280 713 356 776 vius
376 724 444 776 tam
468 715 607 796 iniquus
627 715 775 778 Salustio
797 713 878 798 fuit,
903 725 941 777 ut
962 719 1051 778 hauc
1071 717 1180 799 ipsam
1200 717 1404 780 sententiam
1425 739 1484 780 res
1503 719 1682 781 secundae

278 816 371 882 mire
389 829 476 881 sunt
497 818 591 881 vitiis
612 815 795 901 obtentui,
814 821 930 882 Graece
949 842 959 882 s
978 817 1072 912 diarria
1094 816 1159 917 pol?
1183 823 1216 888 oie
1239 819 1403 918 εὐπραξίαι
1424 819 1607 918 συγκρύψαι
1629 821 1680 890 nei

278 921 440 992 waraha
464 919 501 995 hl
527 923 651 995 ἐκέσἼων
677 923 879 1018 cipaepiipuia
907 933 939 985 et
969 933 1130 1002 tanquam
1153 926 1348 986 translatam
1370 937 1402 989 ct
1425 937 1586 1008 tanquam
1608 947 1681 990 cor-

277 1040 432 1111 ruptam,
455 1032 536 1090 dum
560 1027 778 1111 transfertur,
799 1027 962 1104 objecerit
982 1027 1140 1092 Salustio.
1172 1033 1241 1091 Nec
1256 1031 1323 1092 hoc
1338 1051 1453 1094 amore
1466 1032 1680 1115 Thucydidis

277 1132 375 1215 facit,
398 1145 435 1194 ut
456 1133 556 1195 illum
577 1131 754 1216 prceferat,
774 1133 892 1193 laudat
912 1151 1014 1212 quem
1037 1153 1107 1193 non
1131 1131 1248 1195 timet:
1275 1144 1307 1196 et
1328 1134 1462 1198 facilius
1483 1147 1579 1219 putat
1600 1155 1680 1218 pos·

276 1257 312 1300 se
334 1258 354 1299 a
375 1256 410 1300 se
429 1239 614 1301 Salustium
629 1238 743 1321 vinci,
764 1238 794 1300 si
815 1248 893 1301 ante
916 1257 935 1299 a
954 1237 1158 1319 Thucydide
1177 1237 1368 1300 vincatur.”
1400 1242 1512 1302 Etiam
1533 1245 1599 1304 hoc
1620 1245 1679 1304 ad-

277 1340 464 1403 Salustium
491 1342 663 1424 pertinere
692 1343 886 1426 putaveris,
915 1345 1009 1423 quod
1035 1344 1162 1406 Seneca
1189 1343 1429 1423 (controvers.
1458 1349 1507 1408 25.
1526 1367 1561 1428 p.
1583 1347 1678 1425 284.)

275 1447 412 1510 Livium
432 1450 557 1512 dixisse
580 1447 753 1511 memoriae
775 1448 890 1511 tradit.
928 1449 965 1509 T.
984 1447 1103 1509 Livius
1123 1449 1166 1508 de
1188 1449 1380 1510 oratoribus
1404 1451 1465 1530 qui
1491 1451 1596 1511 verba
1616 1469 1678 1511 an-

274 1553 371 1634 tiqua
398 1564 431 1618 et
457 1554 596 1618 sordida
617 1563 853 1616 consectantur
873 1561 906 1615 et
926 1552 1093 1614 orationis
1119 1552 1360 1614 obscuritatem
1381 1552 1594 1617 severitatem
1614 1575 1677 1636 pn-

274 1669 356 1742 tant,
378 1659 488 1736 ajebat
507 1658 700 1721 Miltiadem
724 1661 898 1721 rhetorem
918 1658 1092 1741 eleganter
1111 1657 1236 1719 dixisse
1256 1655 1309 1726 ἰπὶ
1325 1651 1359 1729 70*
1372 1658 1496 1726 namtas
1515 1658 1677 1741 patrocles.

275 1767 375 1827 Unde
397 1763 554 1849 efficitur,
574 1763 711 1827 Livium
733 1764 778 1826 ob
799 1783 938 1846 pravam
960 1764 1133 1844 quandam
1157 1762 1412 1826 aemulationem
1426 1763 1573 1826 Salustio
1588 1763 1679 1828 infe-

274 1877 364 1934 stum
387 1869 501 1934 fuisse.

351 1979 431 2061 lpse
451 1977 687 2060 Quintilianus
708 1973 856 2057 (Institt.
876 1975 1017 2038 Rhetor.
1039 1979 1068 2037 3.
1092 1972 1156 2056 ιο.)
1173 1975 1210 2037 id
1231 1973 1265 2037 ei
1285 1973 1370 2036 vitio
1385 1973 1507 2056 vertit,
1528 1975 1622 2054 quod
1637 1973 1675 2036 in

272 2081 367 2144 bello
387 2082 597 2166 Jugurthino
619 2091 652 2144 et
674 2081 875 2142 Catilinario
899 2080 988 2142 nihil
1010 2082 1052 2141 ad
1074 2077 1253 2141 historiam
1273 2078 1525 2159 pertinentibus
1545 2077 1677 2160 princi-

271 2187 340 2269 piis
361 2205 456 2249 orsus
471 2185 523 2248 sit.
554 2187 664 2264 Atque
684 2185 754 2246 alio
775 2185 853 2246 loco
875 2184 953 2265 (IX.
968 2182 1014 2264 3.)
1037 2181 1085 2256 (si
1106 2181 1248 2262 quidem
1269 2184 1357 2242 hanc
1375 2181 1676 2263 reprehensionem

273 2290 443 2374 dixeris),
463 2309 503 2352 ex
517 2291 634 2352 Graeco
656 2289 819 2351 translata
829 2287 966 2349 Salustii
985 2285 1135 2369 plurima
1151 2284 1236 2346 dicit
1257 2295 1289 2346 et
1303 2286 1362 2368 (X.
1376 2284 1422 2367 3.)
1443 2305 1483 2348 ex
1502 2288 1577 2368 ipso
1595 2307 1676 2374 ope·

272 2415 310 2459 re
332 2393 550 2458 manifestum
572 2413 642 2456 esse
663 2393 828 2454 laborem.
868 2394 943 2453 Imo
965 2389 1097 2454 Cassius
1116 2391 1258 2454 Severus
1279 2389 1522 2452 celeberrimus
1542 2398 1675 2475 orator,

272 2503 335 2582 (de
358 2500 453 2578 cujus
473 2498 634 2588 laudibus
655 2497 714 2560 cfr.
728 2499 890 2560 Senecam
910 2497 1093 2558 rhetorem.
1115 2498 1266 2579 Excerpt.
1285 2499 1499 2559 controvers.
1511 2498 1571 2559 Ill.
1587 2514 1676 2580 prae·

271 2605 347 2686 sat.)
367 2603 507 2666 Salustii
528 2603 701 2666 orationes
730 2601 767 2664 in
788 2603 956 2666 honorem
978 2599 1201 2664 historiarum
1223 2601 1292 2687 legi
1310 2599 1500 2679 judicabat.
1520 2600 1603 2685 (cfr.
1617 2604 1675 2668 Se-

270 2729 342 2774 nec.
363 2710 386 2770 l.
408 2709 458 2789 c.)
952 2788 956 2796 Ι

335 2815 402 2877 Sed
423 2814 647 2878 etiamsinon
669 2814 870 2899 defuerunt,
898 2816 1025 2896 quibus
1052 2814 1283 2878 Salustianum
1315 2814 1454 2876 dicendi
1475 2833 1582 2898 genus
1604 2815 1672 2876 mi-

269 2939 335 2984 nus
363 2922 592 3004 probaretur,
628 2929 741 2984 tamen
761 2939 875 3000 aequos
904 2921 1007 2982 ctiam
1028 2920 1163 2996 judices
1183 2919 1287 2982 habet
1315 2918 1370 2979 vir
1402 2919 1464 2981 ille
1484 2919 1673 3001 preclaris-

269 3026 393 3106 simus,
414 3046 561 3106 quorum
583 3023 779 3087 testimonia
800 3024 958 3107 graviora
978 3024 1121 3108 dixeris,
1149 3044 1252 3104 quam
1274 3023 1522 3086 malevolorum
1544 3023 1672 3087 invidi-

268 3148 333 3194 am.
353 3128 568 3210 Thucydidis
590 3127 682 3192 enim
704 3128 823 3189 laudes
843 3147 922 3190 eum
935 3146 1083 3208 aequasse
1095 3126 1287 3210 gravissimi
1301 3137 1455 3190 auctores
1470 3137 1670 3192 statuerunt.

267 3237 352 3296 Nam
367 3233 517 3310 Vellcjus
536 3233 732 3296 Paterculus
754 3234 822 3316 (ΙΙ,
844 3233 917 3314 36.)
939 3253 1018 3296 eum
1037 3233 1199 3296 aemulum
1217 3233 1434 3315 Thucydidis
1455 3233 1556 3295 dicit:
1577 3245 1610 3298 et
1632 3236 1670 3298 in

270 3341 416 3401 eundem
437 3337 640 3400 senteutiam
663 3337 900 3422 Quintilianus
921 3337 1015 3400 dicit.
1051 3336 1196 3420 (Institt.
1218 3338 1359 3400 Rhetor.
1386 3337 1426 3399 X.
1449 3338 1494 3418 r.)
1535 3341 1579 3412 At
1599 3359 1670 3401 nou

266 3443 412 3507 historia
425 3443 559 3504 cesserit
572 3442 697 3504 Graecis
708 3463 771 3504 nec
781 3441 979 3526 Thucydidi
994 3461 1168 3524 opponere
1180 3441 1365 3504 Salustium
1381 3461 1518 3518 vercar3
1538 3444 1672 3516 ,idem-

270 3569 336 3632 que
356 3549 460 3632 paulo
482 3545 572 3610 infra
593 3549 787 3608 Romanum
816 3548 1019 3610 historicum
1047 3567 1123 3608 cum
1145 3548 1262 3610 Graeco
1284 3545 1437 3629 confert,
1464 3548 1520 3608 his
1537 3550 1669 3611 verbis:

265 3654 401 3734 «Attici,
419 3653 568 3736 praecisis
582 3651 861 3714 conclusionibus
876 3652 1023 3734 obscuri,
1043 3651 1229 3714 Salustium
1242 3659 1344 3731 atque
1356 3651 1594 3733 Thucydidem
1613 3672 1671 3715 su-

264 3759 414 3842 perant.'’
437 3759 563 3819 Seneca
584 3756 621 3817 in
641 3757 718 3818 loco
734 3756 1003 3838 supralaudato,
1022 3755 1084 3816 ubi
1094 3755 1278 3816 Salustium
1292 3775 1311 3814 a
1322 3754 1422 3816 Livio
1436 3755 1667 3840 vituperatum

265 3873 392 3945 narrat,
401 3864 494 3942 quod
505 3863 622 3924 Graeca
634 3862 723 3924 male
736 3860 951 3944 expresserit,
961 3863 1033 3922 haec
1048 3859 1299 3921 animadvertit.
1312 3862 1478 3943 (Excerpt.
1487 3863 1602 3926 Contr.
1612 3865 1667 3927 IX.

265 3969 312 4048 a.)
336 3968 426 4034 Cum
440 3963 693 4050 sitpraecipuu
706 3963 743 4028 in
767 3961 972 4053 Thucydide
986 3961 1099 4028 virtus
1117 3960 1286 4047 brevitas,
1307 3964 1377 4028 hac
1392 3987 1471 4028 eum
1482 3963 1666 4031 ‘salustius

262 4068 352 4136 vicit
364 4081 398 4135 et
410 4068 447 4134 in
456 4068 614 4135 suiacum
628 4067 913 4133 custriscecidit.
942 4072 1039 4134 Nam
1058 4065 1096 4130 in
1113 4064 1294 4132 sententia
1314 4071 1456 4134 Graeca
1475 4081 1551 4133 tum
1571 4069 1668 4135 brevi

263 4176 388 4258 habes,
403 4197 497 4257 quae
509 4177 607 4239 salvo
620 4196 725 4238 sensu
736 4174 917 4236 detrahas.
936 4175 1049 4237 Deme
1059 4175 1114 4236 vel
1120 4171 1304 4270 συγκρύψαι
1316 4173 1553 4248 relevamine,
1566 4177 1664 4238 deme

262 4279 404 4355 frislar,
425 4275 608 4343 constabit
618 4299 753 4361 sensus,
772 4274 1002 4342 etiamsinon
1014 4299 1126 4360 aeque
1137 4288 1292 4361 comtes,
1316 4290 1558 4362 aequetamen
1572 4279 1664 4344 inte·
