4116 4970
1614 399 1663 498 47

261 591 340 675 lpsa
360 587 499 652 Catonis
520 589 626 652 rerba
657 586 838 652 nonnullis
857 585 895 650 in
916 586 1002 651 locis
1022 607 1094 654 esse
1114 608 1288 677 expressa,
1303 591 1376 674 jam
1399 589 1535 673 antiqui
1554 588 1668 658 critici

258 695 476 774 judicarunt.

349 801 416 864 Sed
437 801 564 864 dehac
585 820 622 864 re
641 799 680 864 in
699 797 868 884 peculiari
889 800 1178 867 commentatione
1199 802 1307 867 fusius
1327 822 1476 888 agemus.
1516 800 1669 868 Habue-

262 925 303 969 re
323 905 428 968 etiam
447 907 514 970 hoc
544 927 585 970 ex
606 906 726 967 Gracco
747 923 963 987 expressum,
993 898 1086 994 ἕχειν.
1115 907 1176 971 cfr.
1202 911 1280 970 Tac.
1303 910 1390 970 Ann.
1406 910 1433 992 l,
1451 928 1478 971 1.
1525 899 1672 993 Vagura'

263 1003 415 1072 incertis
434 1006 576 1071 sedibus
596 1007 644 1070 ita
666 1009 759 1090 apud
780 1009 860 1070 Cres.
880 1011 915 1070 Β.
935 1009 974 1070 G.
995 1023 1068 1086 Μ.
1087 1010 1267 1094 „Usipetes
1287 1011 1405 1076 multis
1424 1011 1510 1076 locis
1530 1012 1671 1074 Germa·

172 1157 174 1162 -
264 1112 332 1175 niae
353 1113 487 1196 ragati’'
508 1115 568 1176 sed
589 1112 665 1174 Lib.
687 1116 717 1175 3.
738 1111 1243 1188 5..infinibua÷1toman0rum
1263 1117 1410 1202 vagari.”
1433 1113 1670 1204 Aborigenes.

264 1217 307 1280 ab
329 1217 465 1303 origine
484 1237 593 1303 genus
612 1219 704 1281 Med.
725 1234 753 1278 a.
776 1221 869 1282 haud
891 1221 997 1284 dubie
1017 1221 1234 1307 grammatici
1248 1223 1361 1307 glossa
1377 1223 1436 1285 sed
1451 1241 1577 1285 nomen
1588 1237 1671 1303 pro·

250 1321 379 1419 ¹prium
400 1343 472 1386 non
493 1342 564 1386 esse
585 1322 666 1385 satis
687 1331 833 1403 constat;
854 1323 947 1389 idem
967 1326 1158 1412 significat,
1180 1329 1274 1409 quod
1295 1326 1479 1411 indigena,
1499 1323 1673 1409 terrigena

263 1425 425 1517 αυἽίχθων.
460 1424 617 1516 agrestis
639 1428 753 1492 durus
773 1424 936 1493 incultus
956 1431 1015 1495 cfr.
1036 1431 1257 1496 Cicer.·Tusc.
1279 1434 1403 1516 Quaest.
1421 1449 1527 1511 ,quae
1546 1429 1673 1490 barba-

264 1533 317 1595 ria
337 1533 438 1595 India
457 1533 586 1596 vastior
606 1541 665 1595 aut
685 1531 859 1618 agrestior.
892 1531 1065 1600 Liberum
1093 1543 1206 1619 atque
1232 1537 1406 1600 solutum.
1435 1534 1496 1598 cir.
1518 1534 1586 1596 Cic.
1607 1551 1671 1617 pro

265 1637 351 1697 itala.
367 1639 455 1699 Post.
476 1638 629 1710 ..solutus
641 1657 680 1700 ac
694 1637 786 1700 liber
797 1637 894 1724 lege''
903 1659 914 1717 3
934 1640 1081 1704 consilio
1091 1640 1258 1704 Salustius
1270 1660 1333 1724 per
1346 1639 1483 1726 singula
1499 1635 1673 1723 expressit,

265 1743 360 1824 quod
382 1742 456 1805 haec
479 1743 693 1807 enumeratio
716 1763 831 1808 rerum
852 1743 1018 1824 majorem
1037 1746 1109 1808 vim
1130 1745 1282 1811 orationi
1304 1744 1401 1807 addit
1433 1739 1606 1809 Alius-
1626 1735 1674 1804 vi·

266 1855 487 1910 ventes-ne
504 1847 581 1931 quis
590 1847 762 1913 veriorem
772 1857 871 1934 putet
884 1851 1030 1916 alteram
1041 1850 1224 1915 lectionem
1241 1845 1325 1928 alii3
1347 1850 1459 1914 solent
1471 1848 1566 1912 enim
1581 1844 1674 1930 opti-

268 1951 319 2014 mi
338 1950 520 2035 scriptores
540 1952 712 2037 pluralem
731 1953 769 2018 in
790 1957 1047 2022 hacrerborum
1064 1964 1232 2022 structura
1250 1974 1424 2038 usurpare.
1454 1949 1675 2018 Coaluerr'nt

266 2054 327 2118 cir.
347 2054 421 2118 Liv.
435 2076 461 2123 1.
485 2057 524 2119 8:
543 2058 753 2132 ..multitudo
766 2061 926 2124 coalescit
946 2063 985 2124 in
1005 2043 1129 2146 populi
1149 2061 1253 2124 unius
1271 2057 1424 2142 corpus.'’
1443 2059 1521 2118 Tac.
1543 2053 1631 2116 Hist.
1644 2069 1674 2116 2.

267 2166 329 2239 ³7:
355 2165 502 2242 ..Neque
522 2163 688 2226 exercitus
716 2163 848 2248 linguis
869 2165 1092 2245 moribusque
1113 2163 1270 2228 dissonos
1290 2163 1328 2224 in
1355 2162 1449 2223 huno
1471 2175 1674 2222 eonsensum

266 2263 419 2350 potuisse
439 2265 658 2332 coalescere.”
701 2266 932 2332 Coaluerunt
953 2270 1073 2332 Vener.
1090 2285 1120 2331 a.
1141 2276 1174 2331 ct
1193 2265 1385 2331 Trevirens.
1403 2281 1433 2326 a.
1455 2283 1559 2345 quem
1577 2263 1618 2327 V.
1632 2262 1675 2326 D.

266 2369 452 2432 Birnbaum
474 2367 645 2431 contulit:
665 2389 768 2450 quam
789 2369 932 2451 quidem
957 2371 1144 2436 lectionem
1172 2371 1300 2452 aliquis
1328 2368 1512 2452 defendat,
1539 2363 1676 2430 collatis

265 2473 381 2538 verbis
402 2474 440 2536 in
452 2476 530 2560 Jug.
550 2493 623 2556 cap.
637 2489 667 2550 4.
690 2475 843 2558 adeptus
863 2497 953 2540 sum.
974 2476 1033 2540 cfr.
1054 2475 1194 2540 Ruhnk.
1215 2478 1259 2538 ad
1279 2475 1388 2538 Rutil.
1402 2477 1487 2557 Lup.
1509 2472 1551 2535 ll.
1572 2474 1600 2532 6.
1617 2471 1675 2554 98,

267 2579 365 2642 Beier
385 2582 429 2640 ad
451 2577 519 2642 Cic.
539 2576 636 2642 offic.
654 2581 680 2640 1.
703 2600 731 2660 7.
754 2582 876 2658 23311.
900 2583 928 2647 5.
956 2584 1002 2647 ιδ.
1025 2589 1058 2642 et
1079 2582 1320 2645 Gernha'rdum
1342 2582 1385 2642 ad
1401 2579 1426 2642 l.
1439 2578 1464 2640 l.
1506 2570 1677 2642 Moribus

267 2692 380 2749 aucta
402 2683 485 2766 quia
504 2702 617 2747 mores
635 2682 715 2748 vitae
735 2684 892 2748 cultioris
911 2684 1133 2748 fundamenta
1148 2685 1228 2765 jure
1249 2683 1397 2764 dixeris;
1427 2681 1491 2744 ubi
1511 2679 1602 2744 enim
1627 2679 1677 2745 le·

267 2809 325 2873 ges
345 2809 461 2873 paucae
482 2809 546 2852 nec
565 2789 646 2852 satis
666 2796 830 2853 accuratae
850 2804 948 2875 sunt,
968 2791 1053 2854 boni
1075 2809 1188 2856 moros
1207 2790 1398 2874 plurimum
1417 2788 1553 2868 valent,
1573 2804 1677 2866 quam

267 2895 306 2958 in
327 2894 532 2958 sententiam
553 2893 721 2979 Virgilius
739 2896 823 2957 Aen.
847 2915 872 2958 1.
895 2895 971 2975 268,
992 2914 1181 2977 moresque
1192 2889 1283 2955 viris
1303 2898 1339 2954 et
1356 2886 1500 2954 moenia
1515 2883 1675 2970 ponit-

272 2998 364 3062 sotis
379 3000 525 3082 pollens
546 3000 639 3062 Med.
655 3015 703 3059 ra.
719 3017 900 3080 prospera
923 2998 1069 3079 pollens
1090 3001 1175 3066 Ven.
1194 2983 1226 3061 ι.
1241 3015 1327 3077 quas
1347 2994 1490 3074 quidem
1509 2991 1678 3055 lectiones

268 3124 340 3165 non
362 3122 404 3166 eo
423 3101 561 3162 laudavi
581 3104 676 3181 quod
697 3120 753 3163 eas
773 3101 988 3185 recipiendas
1009 3120 1080 3164 esse
1101 3120 1241 3185 censeo,
1261 3102 1321 3162 sed
1341 3107 1381 3160 ut
1395 3095 1559 3180 exemplis
1576 3099 1678 3159 doce·

268 3228 341 3290 am,
368 3205 531 3270 librarios
552 3226 627 3270 nou
647 3205 760 3269 solum
790 3207 901 3268 multa
929 3205 1125 3289 addidisse,
1158 3206 1218 3270 sed
1248 3204 1353 3267 etiam
1382 3202 1492 3265 multa
1513 3199 1677 3264 omisisse.
1786 3213 1788 3218 ’

268 3314 419 3378 Pollens
439 3322 613 3398 apotente
621 3310 838 3396 distinguunt
858 3318 892 3375 et
911 3309 1025 3394 magis
1043 3313 1090 3372 ad
1108 3308 1227 3373 insitas
1241 3309 1333 3372 vires
1349 3306 1521 3385 referunt3
1543 3307 1602 3368 sed
1616 3324 1679 3370 εω-

267 3419 346 3505 pius
366 3417 585 3504 junguntur,
613 3423 746 3479 tautum
775 3425 820 3506 ut·
833 3415 999 3493 majorem
1023 3413 1096 3478 rim
1125 3415 1277 3479 orationi
1302 3415 1439 3478 addant.
1468 3410 1528 3475 cfr.
1548 3412 1626 3496 lug.
1650 3431 1677 3472 1.

245 3507 426 3599 'ganimus
447 3524 584 3586 abunde
603 3521 740 3605 pollens
759 3531 951 3605 potensque
972 3529 1006 3584 et
1019 3519 1131 3582 clarus
1151 3519 1230 3585 est.’'
1252 3521 1337 3605 Quae
1358 3516 1499 3601 quidem
1516 3516 1679 3594 junctura

270 3631 309 3693 in
331 3629 485 3711 antiquis
505 3628 672 3692 foederum
693 3625 853 3689 formulis
874 3624 997 3709 sepius
1023 3624 1161 3711 legitur.
1183 3623 1242 3689 cfr.
1264 3624 1338 3692 Liv.
1357 3627 1383 3692 l.
1406 3639 1455 3699 24.
1495 3623 1679 3700 Pleraque

270 3731 487 3799 mortalium
509 3730 691 3796 habentur
710 3734 805 3814 quod
820 3731 894 3808 jam
916 3730 1038 3813 saepius
1054 3728 1195 3806 monui,
1215 3728 1359 3791 verbum
1373 3727 1500 3790 habere
1512 3723 1679 3786 Salustius

268 3839 374 3924 plane
402 3848 441 3900 ut
468 3839 625 3902 Graecum
657 3829 738 3926 ἴχω
773 3834 947 3898 construit.
989 3835 1180 3913 Temptare
1211 3831 1417 3916 scripturam
1446 3829 1679 3917 plurimorum

270 3947 377 4008 Codd.
395 3943 542 4030 retinui,
564 3942 646 4024 quia
666 3941 868 4028 arleium&
888 3936 1024 4018 antiqui
1037 3936 1205 4000 sermonis
1219 3935 1366 4001 maxime
1382 3945 1608 3999 consentanea
1627 3953 1679 3998 es-

271 4069 307 4114 se
326 4051 490 4128 ridetur;
517 4057 667 4113 ceterum
694 4049 767 4110 haec
794 4043 925 4108 locutio
945 4042 1098 4106 Salustio
1119 4041 1350 4105 usitatissima.
1390 4035 1566 4107 Percussi
1583 4039 1678 4120 quod

272 4153 409 4218 Cortius
434 4152 589 4216 defendit
616 4173 658 4216 ex
684 4151 815 4214 Italicis
841 4152 924 4214 Cod.
953 4150 1043 4214 Med.
1067 4169 1095 4228 9.
1126 4150 1200 4213 Vat.
1225 4168 1251 4210 1.
1274 4165 1303 4224 4.
1325 4149 1422 4212 Barb.
1451 4168 1477 4210 ι.
1499 4163 1528 4209 2.
1552 4140 1678 4206 confir·
1785 4133 1792 4146 ”

272 4267 387 4342 mant,
407 4259 467 4322 sed
478 4257 642 4342 perculsi
659 4257 898 4336 retinendum
918 4275 999 4322 uam
1018 4253 1174 4320 animum
1192 4263 1370 4340 percutere
1383 4253 1455 4318 fere
1467 4258 1513 4316 est
1525 4243 1672 4330 afficere,
