4116 4970
1519 409 1777 482 -81‘

277 573 396 675 Horat.
415 611 454 674 A.
475 613 511 674 Ρ.
527 613 597 690 467.
617 602 770 674 inritum
792 599 857 690 qui
864 611 983 671 servat
990 651 1000 686 ,
1022 601 1115 671 idem
1126 599 1233 696 facit
1254 600 1435 670 occidenti
1455 611 1489 670 et
1502 607 1634 670 Lueret.
1648 621 1679 682 4.
1796 605 1821 672 ’,

279 719 368 797 ratim
392 721 517 799 nempe
546 715 668 779 eadem
690 709 795 804 facit
824 719 859 776 et
879 709 1013 776 scimus
1023 709 1159 801 facere
1184 706 1309 778 omnia
1338 710 1449 795 turpi.
1485 713 1545 776 sed
1572 709 1679 774 trium

276 823 384 885 Godd.
411 819 649 884 auctoritatem
669 827 708 880 ut
727 815 827 900 parvi
851 819 974 880 ducam
995 815 1078 880 facit
1105 816 1242 882 numeri
1263 816 1457 902 elegantia,
1488 835 1564 900 qua
1591 813 1681 878 mihi
1763 883 1767 892 ,

276 926 418 1009 quidem
442 925 557 1009 perire
584 923 739 1005 ridetur,
758 921 976 1006 -pronomine
1004 921 1149 984 relativo
1175 921 1313 985 omisso.
1342 919 1435 984 idem
1457 923 1544 986 velle
1565 929 1676 1003 atque

277 1032 386 1095 nolle.
407 1032 498 1093 Med.
511 1035 539 1092 5.
557 1047 605 1091 11.
624 1029 700 1090 Vat.
728 1031 756 1090 5.
778 1025 924 1088 dubium
944 1034 1010 1110 est,
1042 1034 1120 1088 utra
1140 1025 1245 1089 lectio
1266 1025 1311 1090 sit
1329 1023 1557 1111 praeferenda,
1589 1023 1682 1089 idem

279 1135 365 1198 velle
384 1141 496 1217 atque
515 1129 607 1197 idem
628 1133 755 1215 nolle,
782 1131 912 1210 majore
939 1151 1017 1195 cum
1044 1129 1081 1194 si
1103 1130 1234 1193 dictum
1259 1149 1332 1194 esse
1350 1131 1512 1216 videtur,
1541 1129 1683 1194 alterius

278 1236 442 1303 lectionis·
458 1256 641 1300 numerum
660 1236 770 1322 magis
789 1234 994 1299 laudaveris.
1028 1236 1215 1299 auctoritas
1234 1237 1339 1298 codd.
1367 1237 1431 1299 hac
1462 1235 1501 1299 in
1528 1255 1566 1300 re
1592 1235 1684 1299 nihil

278 1343 379 1428 salet,
400 1342 483 1425 quia
494 1341 619 1426 optimi
627 1341 711 1404 libri
724 1339 941 1418 dissentiunt;
950 1359 1029 1402 nam
1037 1343 1109 1404 Bas.
1124 1365 1147 1403 ι.
1160 1341 1275 1405 etVat.
1285 1359 1516 1424 &pronomen
1526 1339 1687 1420 retinent,

216 1452 219 1464 ⁴
278 1451 354 1511 Nau.
376 1447 540 1511 Commel.
561 1453 596 1510 et
616 1443 730 1510 Guelt.
744 1447 774 1514 5.
794 1445 887 1510 illud
907 1445 1083 1510 omittunt.
1114 1448 1233 1527 Neque
1246 1455 1400 1511 veterum
1416 1444 1686 1531 scriptorumlo·

278 1572 319 1616 ca
336 1552 399 1616 ubi
419 1555 510 1615 hanc
539 1550 744 1616 sententiam
773 1559 833 1614 aut
855 1549 1038 1614 imitantur
1065 1559 1125 1614 aut
1153 1551 1232 1614 aliis
1256 1551 1372 1616 verbis
1392 1551 1610 1636 exprimunt,
1642 1551 1687 1612 ad

176 1690 181 1698 ·
279 1657 382 1738 hujus
403 1657 472 1723 loci
492 1656 678 1722 lectionem
703 1657 979 1721 constituendam
999 1656 1134 1739 aliquid
1154 1655 1294 1719 faciunt.
1308 1677 1411 1738 ·quae
1429 1665 1549 1721 mente
1566 1650 1689 1744 agita·

278 1759 325 1827 oi.
357 1763 613 1842 conjunctivum
640 1762 756 1846 potius
783 1760 1048 1844 exspectaveris,
1079 1761 1139 1823 scd
1166 1759 1333 1823 Salustius
1367 1779 1463 1824 more
1489 1763 1687 1826 Graecomm

279 1866 318 1931 in
339 1867 495 1933 oratione
514 1866 659 1948 obliqua
677 1866 800 1950 sapius
820 1864 1010 1929 indicativo
1027 1865 1147 1930 utitur.
1176 1863 1236 1928 cir.
1257 1866 1334 1952 Jug.
1349 1867 1388 1929 65
1411 1873 1443 1930 et
1457 1867 1507 1942 54.
1526 1866 1686 1929 hortatur

280 1973 325 2034 ad
347 1979 467 2055 cetera,
488 1991 563 2054 quae
584 1971 676 2036 levia
696 1979 786 2055 sunt,
805 1989 924 2056 parem
944 1970 1100 2034 animum
1120 1979 1250 2056 gerant.
1267 1967 1434 2052 proinde,
1456 1967 1680 2050 quaeanimo

279 2072 472 2165 agitabat,
491 2073 621 2165 fretus
642 2073 715 2140 diis
737 2083 881 2165 agerat.
900 2083 935 2140 et
960 2077 1030 2138 Cat.
1050 2092 1100 2155 27.
1132 2076 1237 2138 docet
1258 2095 1297 2136 se
1316 2068 1501 2138 Manlium
1513 2067 1692 2154 praemis-

279 2177 369 2244 sisse
387 2181 524 2243 adeam
536 2175 820 2262 multitudinem,
841 2199 951 2262 quam
971 2181 1024 2244 ad
1041 2174 1225 2261 capiunda
1247 2197 1354 2240 arma
1369 2183 1580 2260 paraverat.
1601 2177 1691 2240 adda

282 2284 361 2368 lug.
375 2303 403 2346 c.
416 2277 946 2370 81.-magismugr'sque.·Vat.
959 2302 989 2347 a.
1011 2277 1179 2348 condicio
1187 2282 1281 2346 idem
1300 2280 1402 2344 liber.
1421 2299 1498 2364 quae
1517 2278 1692 2346 scribendi
1744 2303 1760 2316 2

285 2387 376 2451 ratio
397 2384 625 2450 emendatior.
656 2394 801 2450 nosmet
822 2383 896 2472 ipsi
913 2387 1008 2453 idem
1029 2387 1129 2452 liber.
1151 2408 1255 2471 quam
1274 2387 1460 2451 lectionem
1473 2384 1623 2452 acontio
1637 2405 1692 2451 re.

281 2501 414 2576 ceptam
432 2489 724 2576 improbaveram,
744 2494 840 2575 quod
856 2495 964 2557 codd.
982 2492 1184 2558 auctoritate
1203 2511 1328 2577 parum
1348 2492 1481 2556 munita
1501 2509 1572 2556 asse
1587 2490 1683 2554 vide-

282 2597 393 2660 batur.
422 2597 517 2678 quod
532 2595 606 2674 jam
625 2595 770 2679 quidem
789 2597 893 2660 aliter
912 2615 948 2662 se
967 2597 1082 2661 habet.
1124 2592 1346 2661 vendicemus
1366 2596 1469 2660 multi
1489 2595 1574 2659 libri
1595 2595 1692 2660 Itali-

282 2701 326 2766 ci.
353 2704 413 2766 sed
435 2699 595 2765 meliores
615 2698 699 2764 libri
719 2699 946 2788 indicatirum
967 2710 1115 2766 tuentur.
1156 2698 1366 2787 potentium
1388 2701 1524 2766 Cottius
1552 2719 1691 2785 suspec-

282 2817 356 2870 tum
375 2805 513 2890 habuit,
533 2808 628 2888 quod
651 2805 732 2870 aliis
752 2804 839 2870 locis
854 2807 1062 2888 paucorum
1085 2806 1240 2872 absolute
1261 2815 1311 2870 cst
1330 2805 1492 2889 positum.
1524 2803 1585 2867 cfr.
1601 2803 1694 2868 inira

282 2931 354 2996 cap.
366 2914 417 2973 30.
433 2907 814 2992 paucorumpotentia
835 2911 960 2972 creuit.
980 2910 1057 2994 lug.
1072 2913 1123 2972 31.
1143 2929 1226 2974 cum
1246 2929 1378 2996 regna,
1396 2900 1621 2991 provinciae,
1642 2910 1693 2972 ie·

282 3036 346 3102 ges
361 3033 472 3097 penes
484 3032 631 3095 paucos
652 3018 770 3075 erant.
791 3019 825 3076 et
841 3027 893 3088 4ι,
917 3034 1125 3096 paucorum
1148 3008 1305 3078 arbitrio
1328 3009 1415 3076 belli
1433 3007 1601 3093 domique
1620 3033 1693 3076 res·
1776 3005 1799 3098 Ἰ

278 3111 432 3202 publica
454 3114 682 3203 agitabatur.
702 3116 763 3179 scd
782 3117 850 3179 hoc
870 3115 949 3179 loco
977 3135 1097 3182 omnes
1128 3119 1235 3181 codd.
1259 3112 1469 3199 potentium
1502 3123 1697 3182 constanter

283 3222 452 3302 retinent,
472 3239 584 3301 neque
604 3220 865 3301 quodunolooo
873 3221 1039 3286 Salustius
1052 3222 1186 3309 omisit,
1206 3222 1337 3307 ubique
1345 3223 1413 3286 hoc
1427 3223 1615 3286 delendum
1634 3232 1694 3292 ast.

279 3322 344 3416 jus
361 3324 387 3396 i.
408 3341 438 3391 e.
457 3331 615 3409 potestas.
634 3323 781 3411 oiniug.
795 3323 965 3408 3.quibus
979 3348 1049 3411 per
1058 3322 1237 3418 fraudem
1248 3325 1317 3420 jus
1325 3321 1522 3417 fuit.Plin
1538 3330 1582 3391 H.
1593 3333 1634 3393 N.
1644 3351 1693 3412 ²7·

279 3431 427 3506 ‚nullum
447 3429 535 3492 deus
553 3427 662 3492 tabet
681 3424 721 3492 iu
736 3426 944 3513 praeterita
957 3427 1034 3524 jus,
1049 3441 1313 3518 praeterquam
1324 3429 1515 3497 oblivionis
1517 3433 1572 3512 jus
1584 3433 1694 3520 impe·

234 3535 239 3542 “
284 3531 898 3618 riumqueLiv.³9.4o.-dicionem.
920 3537 1033 3603 Vata.
1054 3538 1180 3604 melior
1198 3538 1378 3604 scribendi
1398 3538 1497 3603 ratio.
1519 3537 1699 3605 concessit

159 3713 162 3720 ,
284 3637 1066 3726 verbumcompositumprosimplici.cinTac.
1085 3643 1208 3708 Annsl.
1234 3667 1260 3706 ι.
1285 3663 1312 3706 1.
1334 3639 1466 3726 Lepidi
1484 3650 1596 3724 atque
1614 3645 1696 3710 An-

288 3743 386 3812 tonii
395 3767 503 3810 arma
523 3741 563 3809 in
582 3745 794 3833 Augustum
816 3747 1207 3811 cessere-concedere
1227 3743 1268 3809 iu
1294 3743 1473 3811 dicionem
1488 3746 1591 3810 etiam
1603 3751 1696 3834 apud

288 3849 426 3916 livium
447 3849 586 3938 legitur.
607 3850 680 3914 Liv.
697 3867 753 3936 ²9,
772 3854 824 3914 31.
845 3844 884 3914 in
905 3843 1194 3912 matrimonium.
1211 3848 1334 3913 lustin.
1351 3866 1401 3927 ²4.
1422 3869 1450 3919 a.
1484 3855 1696 3922 tetrarchae

289 3955 430 4041 proprie
460 3956 624 4021 dicuntur
658 3954 815 4043 gentium
839 3973 963 4039 parum
997 3971 1258 4020 numerosarum
1289 3975 1394 4043 reges.
1431 3957 1593 4043 inprimis
1627 3963 1695 4024 hoa

292 4079 420 4126 nomen
447 4064 493 4124 sd
520 4061 739 4149 Galograciae
763 4069 797 4126 et
825 4062 952 4125 tudae
978 4059 1117 4146 regulos
1135 4059 1296 4147 pertinet.
1325 4063 1388 4126 sed
1406 4064 1474 4129 hoc
1493 4064 1572 4129 loco
1599 4062 1696 4128 addi·

293 4171 378 4250 tum,
400 4173 440 4228 ut
461 4165 737 4254 magnificentior
756 4165 869 4233 oratic
892 4163 957 4246 εἰη
977 4163 1102 4250 sapius
1116 4165 1210 4232 enim
1231 4166 1348 4233 nescio
1368 4189 1443 4253 qun
1463 4167 1614 4255 dignitas
1639 4185 1697 4250 exe

1243 4323 1284 4374 11
