<?xml version="1.0" encoding="UTF-8"?>
<!DOCTYPE html PUBLIC "-//W3C//DTD XHTML 1.0 Transitional//EN"
    "http://www.w3.org/TR/xhtml1/DTD/xhtml1-transitional.dtd">
<html xmlns="http://www.w3.org/1999/xhtml" xml:lang="en" lang="en">
 <head>
  <title>
</title>
<meta http-equiv="Content-Type" content="text/html;charset=utf-8" />
  <meta name='ocr-system' content='tesseract 3.04.00' />
  <meta name='ocr-capabilities' content='ocr_page ocr_carea ocr_par ocr_line ocrx_word'/>
</head>
<body>
  <div class='ocr_page' id='page_1' title='image "./salustiiquaeexs02sallgoog_0073.png"; bbox 0 0 4116 4970; ppageno 0'>
   <div class='ocr_carea' id='block_1_1' title="bbox 416 364 466 438">
    <p class='ocr_par' dir='ltr' id='par_1_1' title="bbox 416 364 466 438">
     <span class='ocr_line' id='line_1_1' title="bbox 416 364 466 438; baseline -0.02 0"><span class='ocrx_word' id='word_1_1' title='bbox 416 364 466 438; x_wconf 84' lang='lat'><strong>60</strong></span> 
     </span>
    </p>
   </div>
   <div class='ocr_carea' id='block_1_2' title="bbox 322 551 1812 4408">
    <p class='ocr_par' dir='ltr' id='par_1_2' title="bbox 410 551 1812 3442">
     <span class='ocr_line' id='line_1_2' title="bbox 420 551 1810 646; baseline -0.003 -24"><span class='ocrx_word' id='word_1_2' title='bbox 420 565 526 622; x_wconf 89' lang='lat' dir='ltr'><strong>tutem</strong></span> <span class='ocrx_word' id='word_1_3' title='bbox 547 557 694 624; x_wconf 86' lang='lat' dir='ltr'><strong>maxime</strong></span> <span class='ocrx_word' id='word_1_4' title='bbox 713 557 847 623; x_wconf 87' lang='lat' dir='ltr'><strong>invidia</strong></span> <span class='ocrx_word' id='word_1_5' title='bbox 866 559 1031 642; x_wconf 86' lang='lat' dir='ltr'><strong>sequitur.</strong></span> <span class='ocrx_word' id='word_1_6' title='bbox 1052 581 1097 626; x_wconf 76' lang='lat' dir='ltr'><strong>en</strong></span> <span class='ocrx_word' id='word_1_7' title='bbox 1113 551 1255 626; x_wconf 71' lang='lat' dir='ltr'><strong>divitiis.</strong></span> <span class='ocrx_word' id='word_1_8' title='bbox 1277 558 1478 646; x_wconf 69' lang='lat' dir='ltr'><strong>Praepositio</strong></span> <span class='ocrx_word' id='word_1_9' title='bbox 1498 579 1543 624; x_wconf 70' lang='lat' dir='ltr'><strong>en</strong></span> <span class='ocrx_word' id='word_1_10' title='bbox 1562 557 1686 643; x_wconf 79' lang='lat' dir='ltr'><strong>saepius</strong></span> <span class='ocrx_word' id='word_1_11' title='bbox 1704 555 1810 620; x_wconf 89' lang='lat' dir='ltr'><strong>habet</strong></span> 
     </span>
     <span class='ocr_line' id='line_1_3' title="bbox 418 660 1809 755; baseline -0.001 -32"><span class='ocrx_word' id='word_1_12' title='bbox 418 662 489 724; x_wconf 82' lang='lat' dir='ltr'><strong>vim</strong></span> <span class='ocrx_word' id='word_1_13' title='bbox 509 663 676 727; x_wconf 72' lang='lat' dir='ltr'><strong>causalem</strong></span> <span class='ocrx_word' id='word_1_14' title='bbox 698 663 758 734; x_wconf 82' lang='lat' dir='ltr'><strong>cfr,</strong></span> <span class='ocrx_word' id='word_1_15' title='bbox 770 685 842 748; x_wconf 83' lang='lat' dir='ltr'><strong>cap.</strong></span> <span class='ocrx_word' id='word_1_16' title='bbox 857 682 905 742; x_wconf 82' lang='lat'><strong>14.</strong></span> <span class='ocrx_word' id='word_1_17' title='bbox 926 675 969 729; x_wconf 87' lang='lat' dir='ltr'><strong>ut</strong></span> <span class='ocrx_word' id='word_1_18' title='bbox 989 664 1164 755; x_wconf 80' lang='lat' dir='ltr'><strong>cujusque</strong></span> <span class='ocrx_word' id='word_1_19' title='bbox 1183 666 1344 730; x_wconf 82' lang='lat' dir='ltr'><strong>studium</strong></span> <span class='ocrx_word' id='word_1_20' title='bbox 1361 685 1405 728; x_wconf 82' lang='lat' dir='ltr'><strong>ea·</strong></span> <span class='ocrx_word' id='word_1_21' title='bbox 1425 671 1548 728; x_wconf 82' lang='lat' dir='ltr'><strong>aetate</strong></span> <span class='ocrx_word' id='word_1_22' title='bbox 1559 660 1759 752; x_wconf 73' lang='lat' dir='ltr'><strong>flagrabat.</strong></span> <span class='ocrx_word' id='word_1_23' title='bbox 1780 661 1809 722; x_wconf 87' lang='lat' dir='ltr'><strong>c.</strong></span> 
     </span>
     <span class='ocr_line' id='line_1_4' title="bbox 419 766 1810 854; baseline -0.001 -25"><span class='ocrx_word' id='word_1_24' title='bbox 419 769 468 830; x_wconf 84' lang='grc'><strong>33.</strong></span> <span class='ocrx_word' id='word_1_25' title='bbox 489 788 533 830; x_wconf 75' lang='lat' dir='ltr'><strong>ex</strong></span> <span class='ocrx_word' id='word_1_26' title='bbox 551 771 655 830; x_wconf 85' lang='lat' dir='ltr'><strong>nulla</strong></span> <span class='ocrx_word' id='word_1_27' title='bbox 677 766 910 834; x_wconf 83' lang='lat' dir='ltr'><strong>conscientia.</strong></span> <span class='ocrx_word' id='word_1_28' title='bbox 937 791 965 832; x_wconf 90' lang='lat' dir='ltr'><strong>c.</strong></span> <span class='ocrx_word' id='word_1_29' title='bbox 981 774 1030 851; x_wconf 83' lang='grc'><strong>37.</strong></span> <span class='ocrx_word' id='word_1_30' title='bbox 1059 792 1104 835; x_wconf 77' lang='lat' dir='ltr'><strong>ea·</strong></span> <span class='ocrx_word' id='word_1_31' title='bbox 1122 767 1339 854; x_wconf 67' lang='lat' dir='ltr'><strong>difficultate</strong></span> <span class='ocrx_word' id='word_1_32' title='bbox 1358 790 1491 833; x_wconf 85' lang='lat' dir='ltr'><strong>rerum.</strong></span> <span class='ocrx_word' id='word_1_33' title='bbox 1511 789 1660 851; x_wconf 82' lang='lat' dir='ltr'><strong>rapere,</strong></span> <span class='ocrx_word' id='word_1_34' title='bbox 1682 785 1810 829; x_wconf 79' lang='lat' dir='ltr'><strong>consu-</strong></span> 
     </span>
     <span class='ocr_line' id='line_1_5' title="bbox 417 870 1811 958; baseline 0.001 -26"><span class='ocrx_word' id='word_1_35' title='bbox 417 891 522 934; x_wconf 86' lang='lat' dir='ltr'><strong>mere.</strong></span> <span class='ocrx_word' id='word_1_36' title='bbox 541 870 727 956; x_wconf 85' lang='lat' dir='ltr'><strong>Infinitivi,</strong></span> <span class='ocrx_word' id='word_1_37' title='bbox 747 881 786 933; x_wconf 90' lang='lat' dir='ltr'><strong>ut</strong></span> <span class='ocrx_word' id='word_1_38' title='bbox 806 882 839 936; x_wconf 91' lang='lat' dir='ltr'><strong>et</strong></span> <span class='ocrx_word' id='word_1_39' title='bbox 859 873 945 936; x_wconf 84' lang='lat' dir='ltr'><strong>alias</strong></span> <span class='ocrx_word' id='word_1_40' title='bbox 967 872 1106 958; x_wconf 79' lang='lat' dir='ltr'><strong>saepius,</strong></span> <span class='ocrx_word' id='word_1_41' title='bbox 1126 876 1203 938; x_wconf 90' lang='lat' dir='ltr'><strong>loco</strong></span> <span class='ocrx_word' id='word_1_42' title='bbox 1223 873 1510 936; x_wconf 75' lang='lat' dir='ltr'><strong>substantivorum</strong></span> <span class='ocrx_word' id='word_1_43' title='bbox 1530 881 1716 956; x_wconf 90' lang='lat' dir='ltr'><strong>ponuntur.</strong></span> <span class='ocrx_word' id='word_1_44' title='bbox 1750 872 1811 934; x_wconf 86' lang='lat' dir='ltr'><strong>sed</strong></span> 
     </span>
     <span class='ocr_line' id='line_1_6' title="bbox 419 975 1809 1061; baseline 0 -23"><span class='ocrx_word' id='word_1_45' title='bbox 419 977 486 1038; x_wconf 92' lang='lat' dir='ltr'><strong>hoc</strong></span> <span class='ocrx_word' id='word_1_46' title='bbox 505 975 708 1059; x_wconf 91' lang='lat' dir='ltr'><strong>insolitum,</strong></span> <span class='ocrx_word' id='word_1_47' title='bbox 728 980 822 1058; x_wconf 92' lang='lat' dir='ltr'><strong>quod</strong></span> <span class='ocrx_word' id='word_1_48' title='bbox 844 976 1012 1039; x_wconf 77' lang='lat' dir='ltr'><strong>Infinitiri</strong></span> <span class='ocrx_word' id='word_1_49' title='bbox 1034 987 1066 1038; x_wconf 91' lang='lat' dir='ltr'><strong>et</strong></span> <span class='ocrx_word' id='word_1_50' title='bbox 1087 978 1297 1040; x_wconf 84' lang='lat' dir='ltr'><strong>substantiva</strong></span> <span class='ocrx_word' id='word_1_51' title='bbox 1318 985 1581 1061; x_wconf 89' lang='lat' dir='ltr'><strong>componuntur.</strong></span> <span class='ocrx_word' id='word_1_52' title='bbox 1603 985 1713 1056; x_wconf 83' lang='lat' dir='ltr'><strong>atque</strong></span> <span class='ocrx_word' id='word_1_53' title='bbox 1732 994 1809 1038; x_wconf 83' lang='lat' dir='ltr'><strong>mo-</strong></span> 
     </span>
     <span class='ocr_line' id='line_1_7' title="bbox 418 1074 1809 1165; baseline -0.004 -22"><span class='ocrx_word' id='word_1_54' title='bbox 418 1074 540 1143; x_wconf 83' lang='lat' dir='ltr'><strong>derati</strong></span> <span class='ocrx_word' id='word_1_55' title='bbox 557 1081 812 1163; x_wconf 84' lang='lat' dir='ltr'><strong>babentpraetcr</strong></span> <span class='ocrx_word' id='word_1_56' title='bbox 831 1082 936 1144; x_wconf 84' lang='lat' dir='ltr'><strong>Codd.</strong></span> <span class='ocrx_word' id='word_1_57' title='bbox 951 1081 1094 1145; x_wconf 89' lang='lat' dir='ltr'><strong>aCortio</strong></span> <span class='ocrx_word' id='word_1_58' title='bbox 1111 1083 1280 1165; x_wconf 87' lang='lat' dir='ltr'><strong>laudatos,</strong></span> <span class='ocrx_word' id='word_1_59' title='bbox 1288 1084 1378 1145; x_wconf 87' lang='lat' dir='ltr'><strong>Med.</strong></span> <span class='ocrx_word' id='word_1_60' title='bbox 1395 1084 1425 1144; x_wconf 85' lang='lat'><strong>6.</strong></span> <span class='ocrx_word' id='word_1_61' title='bbox 1439 1102 1469 1162; x_wconf 84' lang='lat'><strong>9.</strong></span> <span class='ocrx_word' id='word_1_62' title='bbox 1490 1103 1536 1144; x_wconf 79' lang='lat' dir='ltr'><strong>rs.</strong></span> <span class='ocrx_word' id='word_1_63' title='bbox 1557 1081 1664 1144; x_wconf 85' lang='lat' dir='ltr'><strong>Vatic.</strong></span> <span class='ocrx_word' id='word_1_64' title='bbox 1678 1077 1809 1144; x_wconf 73' lang='lat' dir='ltr'><strong>ubarb.</strong></span> 
     </span>
     <span class='ocr_line' id='line_1_8' title="bbox 417 1183 1809 1270; baseline 0.001 -25"><span class='ocrx_word' id='word_1_65' title='bbox 417 1200 445 1259; x_wconf 88' lang='grc'><strong>4.</strong></span> <span class='ocrx_word' id='word_1_66' title='bbox 467 1203 570 1266; x_wconf 87' lang='lat' dir='ltr'><strong>quam</strong></span> <span class='ocrx_word' id='word_1_67' title='bbox 595 1193 782 1248; x_wconf 86' lang='lat' dir='ltr'><strong>sructuram</strong></span> <span class='ocrx_word' id='word_1_68' title='bbox 813 1185 1059 1269; x_wconf 84' lang='lat' dir='ltr'><strong>simpliciorem</strong></span> <span class='ocrx_word' id='word_1_69' title='bbox 1089 1185 1240 1270; x_wconf 82' lang='lat' dir='ltr'><strong>dixeris,</strong></span> <span class='ocrx_word' id='word_1_70' title='bbox 1269 1188 1328 1248; x_wconf 88' lang='lat' dir='ltr'><strong>sed</strong></span> <span class='ocrx_word' id='word_1_71' title='bbox 1361 1186 1464 1270; x_wconf 88' lang='lat' dir='ltr'><strong>longe</strong></span> <span class='ocrx_word' id='word_1_72' title='bbox 1497 1183 1641 1268; x_wconf 87' lang='lat' dir='ltr'><strong>plurimi</strong></span> <span class='ocrx_word' id='word_1_73' title='bbox 1673 1191 1706 1246; x_wconf 91' lang='lat' dir='ltr'><strong>et</strong></span> <span class='ocrx_word' id='word_1_74' title='bbox 1740 1201 1809 1246; x_wconf 89' lang='lat' dir='ltr'><strong>me·</strong></span> 
     </span>
     <span class='ocr_line' id='line_1_9' title="bbox 415 1284 1809 1378; baseline -0.001 -28"><span class='ocrx_word' id='word_1_75' title='bbox 415 1287 521 1352; x_wconf 86' lang='lat' dir='ltr'><strong>liores</strong></span> <span class='ocrx_word' id='word_1_76' title='bbox 540 1288 625 1351; x_wconf 93' lang='lat' dir='ltr'><strong>libri</strong></span> <span class='ocrx_word' id='word_1_77' title='bbox 645 1289 877 1374; x_wconf 87' lang='lat' dir='ltr'><strong>integritatem</strong></span> <span class='ocrx_word' id='word_1_78' title='bbox 899 1291 1039 1353; x_wconf 90' lang='lat' dir='ltr'><strong>alterius</strong></span> <span class='ocrx_word' id='word_1_79' title='bbox 1059 1289 1219 1353; x_wconf 90' lang='lat' dir='ltr'><strong>lectionis</strong></span> <span class='ocrx_word' id='word_1_80' title='bbox 1246 1289 1326 1352; x_wconf 87' lang='lat' dir='ltr'><strong>satis</strong></span> <span class='ocrx_word' id='word_1_81' title='bbox 1347 1287 1546 1356; x_wconf 82' lang='lat' dir='ltr'><strong>defendunt.</strong></span> <span class='ocrx_word' id='word_1_82' title='bbox 1568 1284 1702 1378; x_wconf 82' lang='lat' dir='ltr'><strong>facere</strong></span> <span class='ocrx_word' id='word_1_83' title='bbox 1723 1295 1809 1349; x_wconf 85' lang='lat' dir='ltr'><strong>tem-</strong></span> 
     </span>
     <span class='ocr_line' id='line_1_10' title="bbox 410 1387 1809 1482; baseline 0 -28"><span class='ocrx_word' id='word_1_84' title='bbox 410 1394 477 1474; x_wconf 86' lang='lat' dir='ltr'><strong>pla</strong></span> <span class='ocrx_word' id='word_1_85' title='bbox 497 1392 522 1454; x_wconf 93' lang='lat' dir='ltr'><strong>i.</strong></span> <span class='ocrx_word' id='word_1_86' title='bbox 544 1411 572 1454; x_wconf 91' lang='lat' dir='ltr'><strong>e.</strong></span> <span class='ocrx_word' id='word_1_87' title='bbox 594 1401 773 1459; x_wconf 83' lang='lat' dir='ltr'><strong>exstruere.</strong></span> <span class='ocrx_word' id='word_1_88' title='bbox 795 1393 956 1458; x_wconf 88' lang='lat' dir='ltr'><strong>similiter</strong></span> <span class='ocrx_word' id='word_1_89' title='bbox 976 1395 1047 1458; x_wconf 85' lang='lat' dir='ltr'><strong>Liv.</strong></span> <span class='ocrx_word' id='word_1_90' title='bbox 1065 1415 1091 1456; x_wconf 85' lang='grc' dir='ltr'><strong>ι.</strong></span> <span class='ocrx_word' id='word_1_91' title='bbox 1106 1411 1136 1470; x_wconf 88' lang='grc'><strong>4.</strong></span> <span class='ocrx_word' id='word_1_92' title='bbox 1149 1395 1178 1456; x_wconf 84' lang='grc'><strong>5.</strong></span> <span class='ocrx_word' id='word_1_93' title='bbox 1191 1387 1331 1481; x_wconf 86' lang='lat' dir='ltr'><strong>fanum</strong></span> <span class='ocrx_word' id='word_1_94' title='bbox 1342 1387 1484 1482; x_wconf 78' lang='lat' dir='ltr'><strong>facere.</strong></span> <span class='ocrx_word' id='word_1_95' title='bbox 1507 1391 1566 1458; x_wconf 82' lang='lat' dir='ltr'><strong>cfr.</strong></span> <span class='ocrx_word' id='word_1_96' title='bbox 1589 1393 1692 1456; x_wconf 90' lang='lat' dir='ltr'><strong>etiam</strong></span> <span class='ocrx_word' id='word_1_97' title='bbox 1712 1394 1809 1456; x_wconf 86' lang='lat' dir='ltr'><strong>Varr.</strong></span> 
     </span>
     <span class='ocr_line' id='line_1_11' title="bbox 417 1495 1809 1586; baseline 0 -29"><span class='ocrx_word' id='word_1_98' title='bbox 417 1514 470 1578; x_wconf 87' lang='lat' dir='ltr'><strong>ap.</strong></span> <span class='ocrx_word' id='word_1_99' title='bbox 482 1498 568 1558; x_wconf 90' lang='lat' dir='ltr'><strong>Non.</strong></span> <span class='ocrx_word' id='word_1_100' title='bbox 590 1497 740 1560; x_wconf 84' lang='lat' dir='ltr'><strong>Marcell.</strong></span> <span class='ocrx_word' id='word_1_101' title='bbox 759 1501 849 1566; x_wconf 88' lang='lat' dir='ltr'>v111.</span> <span class='ocrx_word' id='word_1_102' title='bbox 870 1500 919 1578; x_wconf 86' lang='lat'><strong>87.</strong></span> <span class='ocrx_word' id='word_1_103' title='bbox 939 1519 1006 1560; x_wconf 88' lang='lat' dir='ltr'><strong>suo</strong></span> <span class='ocrx_word' id='word_1_104' title='bbox 1024 1495 1159 1586; x_wconf 80' lang='lat' dir='ltr'><strong>glorio.</strong></span> <span class='ocrx_word' id='word_1_105' title='bbox 1180 1497 1272 1560; x_wconf 87' lang='lat' dir='ltr'><strong>Flor.</strong></span> <span class='ocrx_word' id='word_1_106' title='bbox 1289 1513 1338 1558; x_wconf 82' lang='lat' dir='ltr'><strong>aa.</strong></span> <span class='ocrx_word' id='word_1_107' title='bbox 1359 1496 1455 1563; x_wconf 90' lang='lat' dir='ltr'><strong>Barb.</strong></span> <span class='ocrx_word' id='word_1_108' title='bbox 1472 1517 1498 1558; x_wconf 81' lang='lat' dir='ltr'><strong>a.</strong></span> <span class='ocrx_word' id='word_1_109' title='bbox 1519 1499 1578 1560; x_wconf 90' lang='lat' dir='ltr'><strong>sed</strong></span> <span class='ocrx_word' id='word_1_110' title='bbox 1599 1497 1745 1559; x_wconf 89' lang='lat' dir='ltr'><strong>duorum</strong></span> <span class='ocrx_word' id='word_1_111' title='bbox 1764 1495 1809 1557; x_wconf 92' lang='lat' dir='ltr'><strong>li-</strong></span> 
     </span>
     <span class='ocr_line' id='line_1_12' title="bbox 415 1599 1811 1686; baseline 0.001 -26"><span class='ocrx_word' id='word_1_112' title='bbox 415 1601 556 1664; x_wconf 88' lang='lat' dir='ltr'><strong>brorum</strong></span> <span class='ocrx_word' id='word_1_113' title='bbox 576 1603 758 1665; x_wconf 73' lang='lat' dir='ltr'><strong>auctoritas</strong></span> <span class='ocrx_word' id='word_1_114' title='bbox 778 1622 833 1666; x_wconf 89' lang='lat' dir='ltr'><strong>me</strong></span> <span class='ocrx_word' id='word_1_115' title='bbox 860 1623 930 1665; x_wconf 89' lang='lat' dir='ltr'><strong>non</strong></span> <span class='ocrx_word' id='word_1_116' title='bbox 956 1609 1148 1686; x_wconf 83' lang='lat' dir='ltr'><strong>permovet,</strong></span> <span class='ocrx_word' id='word_1_117' title='bbox 1175 1609 1213 1662; x_wconf 92' lang='lat' dir='ltr'><strong>ut</strong></span> <span class='ocrx_word' id='word_1_118' title='bbox 1243 1602 1332 1663; x_wconf 88' lang='lat' dir='ltr'><strong>hanc</strong></span> <span class='ocrx_word' id='word_1_119' title='bbox 1352 1599 1535 1664; x_wconf 89' lang='lat' dir='ltr'><strong>lectionem</strong></span> <span class='ocrx_word' id='word_1_120' title='bbox 1556 1621 1674 1665; x_wconf 81' lang='lat' dir='ltr'><strong>veram</strong></span> <span class='ocrx_word' id='word_1_121' title='bbox 1695 1599 1811 1664; x_wconf 85' lang='lat' dir='ltr'><strong>existi·</strong></span> 
     </span>
     <span class='ocr_line' id='line_1_13' title="bbox 414 1704 1809 1794; baseline -0.001 -25"><span class='ocrx_word' id='word_1_122' title='bbox 414 1726 524 1786; x_wconf 87' lang='lat' dir='ltr'><strong>mem;</strong></span> <span class='ocrx_word' id='word_1_123' title='bbox 545 1704 667 1772; x_wconf 84' lang='lat' dir='ltr'><strong>aliena</strong></span> <span class='ocrx_word' id='word_1_124' title='bbox 688 1708 781 1771; x_wconf 85' lang='lat' dir='ltr'><strong>enim</strong></span> <span class='ocrx_word' id='word_1_125' title='bbox 801 1706 914 1794; x_wconf 84' lang='lat' dir='ltr'><strong>gloria</strong></span> <span class='ocrx_word' id='word_1_126' title='bbox 934 1709 1055 1769; x_wconf 90' lang='lat' dir='ltr'><strong>domos</strong></span> <span class='ocrx_word' id='word_1_127' title='bbox 1076 1707 1237 1768; x_wconf 89' lang='lat' dir='ltr'><strong>decorare</strong></span> <span class='ocrx_word' id='word_1_128' title='bbox 1259 1723 1329 1766; x_wconf 91' lang='lat' dir='ltr'><strong>non</strong></span> <span class='ocrx_word' id='word_1_129' title='bbox 1350 1706 1472 1768; x_wconf 86' lang='lat' dir='ltr'><strong>solent.</strong></span> <span class='ocrx_word' id='word_1_130' title='bbox 1500 1725 1586 1768; x_wconf 85' lang='lat' dir='ltr'><strong>suas</strong></span> <span class='ocrx_word' id='word_1_131' title='bbox 1606 1705 1714 1790; x_wconf 88' lang='lat' dir='ltr'><strong>igitur</strong></span> <span class='ocrx_word' id='word_1_132' title='bbox 1731 1705 1809 1768; x_wconf 81' lang='lat' dir='ltr'><strong>voci</strong></span> 
     </span>
     <span class='ocr_line' id='line_1_14' title="bbox 417 1807 1808 1895; baseline 0 -23"><span class='ocrx_word' id='word_1_133' title='bbox 417 1812 563 1874; x_wconf 85' lang='lat' dir='ltr'><strong>deorum</strong></span> <span class='ocrx_word' id='word_1_134' title='bbox 576 1821 625 1874; x_wconf 90' lang='lat' dir='ltr'><strong>est</strong></span> <span class='ocrx_word' id='word_1_135' title='bbox 635 1813 837 1895; x_wconf 89' lang='lat' dir='ltr'><strong>oppositum.</strong></span> <span class='ocrx_word' id='word_1_136' title='bbox 855 1809 1022 1874; x_wconf 84' lang='lat' dir='ltr'><strong>adimere.</strong></span> <span class='ocrx_word' id='word_1_137' title='bbox 1042 1808 1234 1874; x_wconf 79' lang='lat' dir='ltr'><strong>infinitivus</strong></span> <span class='ocrx_word' id='word_1_138' title='bbox 1248 1807 1431 1872; x_wconf 90' lang='lat' dir='ltr'><strong>historicus</strong></span> <span class='ocrx_word' id='word_1_139' title='bbox 1444 1810 1510 1872; x_wconf 92' lang='lat' dir='ltr'><strong>boc</strong></span> <span class='ocrx_word' id='word_1_140' title='bbox 1521 1810 1598 1872; x_wconf 87' lang='lat' dir='ltr'><strong>loco</strong></span> <span class='ocrx_word' id='word_1_141' title='bbox 1607 1810 1695 1894; x_wconf 87' lang='lat' dir='ltr'><strong>vim,</strong></span> <span class='ocrx_word' id='word_1_142' title='bbox 1706 1830 1808 1893; x_wconf 89' lang='lat' dir='ltr'><strong>quam</strong></span> 
     </span>
     <span class='ocr_line' id='line_1_15' title="bbox 415 1913 1808 2001; baseline -0.001 -24"><span class='ocrx_word' id='word_1_143' title='bbox 415 1915 501 1979; x_wconf 83' lang='lat' dir='ltr'><strong>alias</strong></span> <span class='ocrx_word' id='word_1_144' title='bbox 528 1917 653 2001; x_wconf 83' lang='lat' dir='ltr'><strong>habet,</strong></span> <span class='ocrx_word' id='word_1_145' title='bbox 683 1916 820 1980; x_wconf 88' lang='lat' dir='ltr'><strong>amittit.</strong></span> <span class='ocrx_word' id='word_1_146' title='bbox 854 1935 959 1996; x_wconf 82' lang='lat' dir='ltr'><strong>quare</strong></span> <span class='ocrx_word' id='word_1_147' title='bbox 980 1923 1099 1996; x_wconf 90' lang='lat' dir='ltr'><strong>erunt,</strong></span> <span class='ocrx_word' id='word_1_148' title='bbox 1125 1913 1186 1996; x_wconf 90' lang='lat' dir='ltr'><strong>qui</strong></span> <span class='ocrx_word' id='word_1_149' title='bbox 1215 1914 1464 1978; x_wconf 89' lang='lat' dir='ltr'><strong>nonnullorum</strong></span> <span class='ocrx_word' id='word_1_150' title='bbox 1491 1915 1596 1987; x_wconf 81' lang='lat' dir='ltr'><strong>codd.</strong></span> <span class='ocrx_word' id='word_1_151' title='bbox 1627 1916 1808 1978; x_wconf 90' lang='lat' dir='ltr'><strong>lectionem</strong></span> 
     </span>
     <span class='ocr_line' id='line_1_16' title="bbox 416 2017 1811 2105; baseline -0.001 -22"><span class='ocrx_word' id='word_1_152' title='bbox 416 2021 579 2085; x_wconf 84' lang='lat' dir='ltr'><strong>ademere</strong></span> <span class='ocrx_word' id='word_1_153' title='bbox 597 2019 806 2105; x_wconf 70' lang='lat' dir='ltr'><strong>praeferant5</strong></span> <span class='ocrx_word' id='word_1_154' title='bbox 836 2022 897 2084; x_wconf 88' lang='lat' dir='ltr'><strong>sed</strong></span> <span class='ocrx_word' id='word_1_155' title='bbox 918 2018 1027 2082; x_wconf 86' lang='lat' dir='ltr'><strong>obstat</strong></span> <span class='ocrx_word' id='word_1_156' title='bbox 1047 2017 1232 2081; x_wconf 88' lang='lat' dir='ltr'><strong>meliorum</strong></span> <span class='ocrx_word' id='word_1_157' title='bbox 1252 2017 1424 2084; x_wconf 87' lang='lat' dir='ltr'><strong>librorum</strong></span> <span class='ocrx_word' id='word_1_158' title='bbox 1444 2019 1645 2102; x_wconf 87' lang='lat' dir='ltr'><strong>auctoritas,</strong></span> <span class='ocrx_word' id='word_1_159' title='bbox 1663 2037 1726 2082; x_wconf 89' lang='lat' dir='ltr'><strong>nec</strong></span> <span class='ocrx_word' id='word_1_160' title='bbox 1748 2021 1811 2082; x_wconf 87' lang='lat' dir='ltr'><strong>de-</strong></span> 
     </span>
     <span class='ocr_line' id='line_1_17' title="bbox 415 2123 1811 2210; baseline -0.003 -22"><span class='ocrx_word' id='word_1_161' title='bbox 415 2135 494 2188; x_wconf 85' lang='lat' dir='ltr'><strong>sunt</strong></span> <span class='ocrx_word' id='word_1_162' title='bbox 513 2124 606 2210; x_wconf 88' lang='lat' dir='ltr'><strong>loca,</strong></span> <span class='ocrx_word' id='word_1_163' title='bbox 634 2125 696 2191; x_wconf 88' lang='lat' dir='ltr'><strong>ubi</strong></span> <span class='ocrx_word' id='word_1_164' title='bbox 717 2125 908 2190; x_wconf 81' lang='lat' dir='ltr'><strong>infinitivus</strong></span> <span class='ocrx_word' id='word_1_165' title='bbox 937 2132 971 2190; x_wconf 89' lang='lat' dir='ltr'><strong>et</strong></span> <span class='ocrx_word' id='word_1_166' title='bbox 998 2132 1130 2208; x_wconf 88' lang='lat' dir='ltr'><strong>tempus</strong></span> <span class='ocrx_word' id='word_1_167' title='bbox 1159 2141 1306 2208; x_wconf 69' lang='lat' dir='ltr'><strong>presens</strong></span> <span class='ocrx_word' id='word_1_168' title='bbox 1336 2131 1438 2206; x_wconf 90' lang='lat' dir='ltr'><strong>atque</strong></span> <span class='ocrx_word' id='word_1_169' title='bbox 1459 2123 1695 2208; x_wconf 79' lang='lat' dir='ltr'><strong>imperfectum</strong></span> <span class='ocrx_word' id='word_1_170' title='bbox 1716 2141 1811 2186; x_wconf 88' lang='lat' dir='ltr'><strong>com·</strong></span> 
     </span>
     <span class='ocr_line' id='line_1_18' title="bbox 414 2227 1810 2316; baseline 0.002 -25"><span class='ocrx_word' id='word_1_171' title='bbox 414 2239 600 2313; x_wconf 91' lang='lat' dir='ltr'><strong>ponuntur.</strong></span> <span class='ocrx_word' id='word_1_172' title='bbox 619 2231 678 2294; x_wconf 82' lang='lat' dir='ltr'><strong>cfr.</strong></span> <span class='ocrx_word' id='word_1_173' title='bbox 702 2233 780 2316; x_wconf 85' lang='lat' dir='ltr'><strong>Jug.</strong></span> <span class='ocrx_word' id='word_1_174' title='bbox 801 2252 828 2298; x_wconf 90' lang='lat' dir='ltr'><strong>c.</strong></span> <span class='ocrx_word' id='word_1_175' title='bbox 844 2247 895 2308; x_wconf 78' lang='lat'><strong>41.</strong></span> <span class='ocrx_word' id='word_1_176' title='bbox 927 2230 993 2294; x_wconf 86' lang='lat' dir='ltr'><strong>Vix</strong></span> <span class='ocrx_word' id='word_1_177' title='bbox 1014 2238 1128 2292; x_wconf 84' lang='lat' dir='ltr'><strong>tamen</strong></span> <span class='ocrx_word' id='word_1_178' title='bbox 1148 2229 1263 2292; x_wconf 90' lang='lat' dir='ltr'><strong>locum</strong></span> <span class='ocrx_word' id='word_1_179' title='bbox 1291 2229 1478 2312; x_wconf 78' lang='lat' dir='ltr'><strong>inveneris,</strong></span> <span class='ocrx_word' id='word_1_180' title='bbox 1504 2228 1565 2290; x_wconf 92' lang='lat' dir='ltr'><strong>ubi</strong></span> <span class='ocrx_word' id='word_1_181' title='bbox 1585 2227 1624 2290; x_wconf 93' lang='lat' dir='ltr'><strong>in</strong></span> <span class='ocrx_word' id='word_1_182' title='bbox 1644 2228 1810 2313; x_wconf 83' lang='lat' dir='ltr'><strong>oppositis</strong></span> 
     </span>
     <span class='ocr_line' id='line_1_19' title="bbox 414 2328 1811 2418; baseline 0.001 -22"><span class='ocrx_word' id='word_1_183' title='bbox 414 2332 606 2397; x_wconf 83' lang='lat' dir='ltr'><strong>infinitivus</strong></span> <span class='ocrx_word' id='word_1_184' title='bbox 633 2337 709 2418; x_wconf 86' lang='lat' dir='ltr'><strong>pari</strong></span> <span class='ocrx_word' id='word_1_185' title='bbox 740 2338 844 2399; x_wconf 91' lang='lat' dir='ltr'><strong>modo</strong></span> <span class='ocrx_word' id='word_1_186' title='bbox 872 2336 915 2396; x_wconf 89' lang='lat' dir='ltr'><strong>sit</strong></span> <span class='ocrx_word' id='word_1_187' title='bbox 935 2343 1125 2417; x_wconf 88' lang='lat' dir='ltr'><strong>usurpatus.</strong></span> <span class='ocrx_word' id='word_1_188' title='bbox 1158 2332 1311 2398; x_wconf 79' lang='lat' dir='ltr'><strong>victores</strong></span> <span class='ocrx_word' id='word_1_189' title='bbox 1331 2329 1559 2416; x_wconf 81' lang='lat' dir='ltr'><strong>reliquerant</strong></span> <span class='ocrx_word' id='word_1_190' title='bbox 1585 2367 1627 2384; x_wconf 95' lang='lat'><em>-</em></span> <span class='ocrx_word' id='word_1_191' title='bbox 1647 2328 1811 2398; x_wconf 77' lang='lat' dir='ltr'><strong>hostibus</strong></span> 
     </span>
     <span class='ocr_line' id='line_1_20' title="bbox 413 2437 1812 2526; baseline 0.001 -24"><span class='ocrx_word' id='word_1_192' title='bbox 413 2438 618 2524; x_wconf 89' lang='lat' dir='ltr'><strong>interposuit</strong></span> <span class='ocrx_word' id='word_1_193' title='bbox 631 2442 794 2526; x_wconf 87' lang='lat' dir='ltr'><strong>Langius,</strong></span> <span class='ocrx_word' id='word_1_194' title='bbox 814 2459 1002 2524; x_wconf 86' lang='lat' dir='ltr'><strong>paucorum</strong></span> <span class='ocrx_word' id='word_1_195' title='bbox 1023 2440 1192 2503; x_wconf 90' lang='lat' dir='ltr'><strong>librorum</strong></span> <span class='ocrx_word' id='word_1_196' title='bbox 1213 2439 1396 2506; x_wconf 88' lang='lat' dir='ltr'><strong>lectionem</strong></span> <span class='ocrx_word' id='word_1_197' title='bbox 1416 2445 1559 2502; x_wconf 86' lang='lat' dir='ltr'><strong>secutus.</strong></span> <span class='ocrx_word' id='word_1_198' title='bbox 1579 2437 1812 2522; x_wconf 78' lang='lat' dir='ltr'><strong>Additpraete.</strong></span> 
     </span>
     <span class='ocr_line' id='line_1_21' title="bbox 414 2539 1808 2627; baseline 0.001 -25"><span class='ocrx_word' id='word_1_199' title='bbox 414 2561 490 2624; x_wconf 85' lang='lat' dir='ltr'><strong>rea,</strong></span> <span class='ocrx_word' id='word_1_200' title='bbox 510 2551 548 2603; x_wconf 89' lang='lat' dir='ltr'><strong>ut</strong></span> <span class='ocrx_word' id='word_1_201' title='bbox 569 2544 687 2626; x_wconf 72' lang='lat' dir='ltr'><strong>glossae</strong></span> <span class='ocrx_word' id='word_1_202' title='bbox 710 2545 813 2605; x_wconf 89' lang='lat' dir='ltr'><strong>fidem</strong></span> <span class='ocrx_word' id='word_1_203' title='bbox 838 2545 1004 2626; x_wconf 84' lang='lat' dir='ltr'><strong>firmaret,</strong></span> <span class='ocrx_word' id='word_1_204' title='bbox 1026 2546 1213 2608; x_wconf 88' lang='lat' dir='ltr'><strong>nonnullos</strong></span> <span class='ocrx_word' id='word_1_205' title='bbox 1228 2547 1333 2607; x_wconf 88' lang='lat' dir='ltr'><strong>Codd.</strong></span> <span class='ocrx_word' id='word_1_206' title='bbox 1354 2539 1516 2608; x_wconf 76' lang='lat' dir='ltr'><strong>hostibus</strong></span> <span class='ocrx_word' id='word_1_207' title='bbox 1531 2541 1711 2627; x_wconf 89' lang='lat' dir='ltr'><strong>omittere,</strong></span> <span class='ocrx_word' id='word_1_208' title='bbox 1732 2563 1808 2606; x_wconf 90' lang='lat' dir='ltr'><strong>cum</strong></span> 
     </span>
     <span class='ocr_line' id='line_1_22' title="bbox 416 2644 1808 2731; baseline 0.001 -23"><span class='ocrx_word' id='word_1_209' title='bbox 416 2645 454 2708; x_wconf 91' lang='lat' dir='ltr'><strong>in</strong></span> <span class='ocrx_word' id='word_1_210' title='bbox 475 2645 578 2728; x_wconf 90' lang='lat' dir='ltr'><strong>longe</strong></span> <span class='ocrx_word' id='word_1_211' title='bbox 599 2644 759 2728; x_wconf 88' lang='lat' dir='ltr'><strong>plurimis</strong></span> <span class='ocrx_word' id='word_1_212' title='bbox 780 2645 987 2728; x_wconf 89' lang='lat' dir='ltr'><strong>optimisque</strong></span> <span class='ocrx_word' id='word_1_213' title='bbox 996 2647 1095 2708; x_wconf 91' lang='lat' dir='ltr'><strong>libris</strong></span> <span class='ocrx_word' id='word_1_214' title='bbox 1108 2646 1242 2708; x_wconf 87' lang='lat' dir='ltr'><strong>nullum</strong></span> <span class='ocrx_word' id='word_1_215' title='bbox 1258 2647 1360 2724; x_wconf 88' lang='lat' dir='ltr'><strong>hujus</strong></span> <span class='ocrx_word' id='word_1_216' title='bbox 1371 2647 1464 2710; x_wconf 83' lang='lat' dir='ltr'><strong>vocis</strong></span> <span class='ocrx_word' id='word_1_217' title='bbox 1477 2646 1520 2710; x_wconf 91' lang='lat' dir='ltr'><strong>sit</strong></span> <span class='ocrx_word' id='word_1_218' title='bbox 1533 2647 1725 2731; x_wconf 85' lang='lat' dir='ltr'><strong>vestigium.</strong></span> <span class='ocrx_word' id='word_1_219' title='bbox 1743 2649 1808 2711; x_wconf 85' lang='lat' dir='ltr'><strong>Sed</strong></span> 
     </span>
     <span class='ocr_line' id='line_1_23' title="bbox 415 2749 1810 2836; baseline 0.001 -22"><span class='ocrx_word' id='word_1_220' title='bbox 415 2749 605 2814; x_wconf 87' lang='lat' dir='ltr'><strong>nonsolum</strong></span> <span class='ocrx_word' id='word_1_221' title='bbox 625 2750 849 2833; x_wconf 83' lang='lat' dir='ltr'><strong>exhocloco,</strong></span> <span class='ocrx_word' id='word_1_222' title='bbox 868 2749 1105 2814; x_wconf 83' lang='lat' dir='ltr'><strong>verumetiam</strong></span> <span class='ocrx_word' id='word_1_223' title='bbox 1126 2769 1167 2814; x_wconf 83' lang='lat' dir='ltr'><strong>ex</strong></span> <span class='ocrx_word' id='word_1_224' title='bbox 1188 2749 1304 2812; x_wconf 89' lang='lat' dir='ltr'><strong>multis</strong></span> <span class='ocrx_word' id='word_1_225' title='bbox 1327 2750 1404 2814; x_wconf 87' lang='lat' dir='ltr'><strong>aliis</strong></span> <span class='ocrx_word' id='word_1_226' title='bbox 1415 2760 1522 2836; x_wconf 88' lang='lat' dir='ltr'><strong>patet,</strong></span> <span class='ocrx_word' id='word_1_227' title='bbox 1542 2752 1635 2814; x_wconf 89' lang='lat' dir='ltr'><strong>hunc</strong></span> <span class='ocrx_word' id='word_1_228' title='bbox 1644 2752 1810 2816; x_wconf 86' lang='lat' dir='ltr'><strong>editorem</strong></span> 
     </span>
     <span class='ocr_line' id='line_1_24' title="bbox 416 2855 1811 2942; baseline 0.002 -24"><span class='ocrx_word' id='word_1_229' title='bbox 416 2857 630 2942; x_wconf 80' lang='lat' dir='ltr'><strong>negligenter</strong></span> <span class='ocrx_word' id='word_1_230' title='bbox 650 2855 689 2918; x_wconf 91' lang='lat' dir='ltr'><strong>in</strong></span> <span class='ocrx_word' id='word_1_231' title='bbox 711 2855 869 2921; x_wconf 88' lang='lat' dir='ltr'><strong>codicum</strong></span> <span class='ocrx_word' id='word_1_232' title='bbox 891 2855 1096 2920; x_wconf 89' lang='lat' dir='ltr'><strong>testimoniis</strong></span> <span class='ocrx_word' id='word_1_233' title='bbox 1116 2856 1353 2920; x_wconf 80' lang='lat' dir='ltr'><strong>examinandis</strong></span> <span class='ocrx_word' id='word_1_234' title='bbox 1378 2877 1448 2921; x_wconf 90' lang='lat' dir='ltr'><strong>esse</strong></span> <span class='ocrx_word' id='word_1_235' title='bbox 1468 2865 1647 2920; x_wconf 87' lang='lat' dir='ltr'><strong>versatum.</strong></span> <span class='ocrx_word' id='word_1_236' title='bbox 1690 2861 1811 2922; x_wconf 87' lang='lat' dir='ltr'><strong>Hostes</strong></span> 
     </span>
     <span class='ocr_line' id='line_1_25' title="bbox 416 2960 1812 3046; baseline 0 -20"><span class='ocrx_word' id='word_1_237' title='bbox 416 2973 530 3027; x_wconf 88' lang='lat' dir='ltr'><strong>autem</strong></span> <span class='ocrx_word' id='word_1_238' title='bbox 550 2967 688 3028; x_wconf 88' lang='lat' dir='ltr'><strong>eosdem</strong></span> <span class='ocrx_word' id='word_1_239' title='bbox 708 2964 819 3028; x_wconf 86' lang='lat' dir='ltr'><strong>socios</strong></span> <span class='ocrx_word' id='word_1_240' title='bbox 839 2963 948 3025; x_wconf 90' lang='lat' dir='ltr'><strong>dictos</strong></span> <span class='ocrx_word' id='word_1_241' title='bbox 969 2962 1071 3026; x_wconf 83' lang='lat' dir='ltr'><strong>tuisse</strong></span> <span class='ocrx_word' id='word_1_242' title='bbox 1092 2962 1226 3046; x_wconf 79' lang='lat' dir='ltr'><strong>statuit,</strong></span> <span class='ocrx_word' id='word_1_243' title='bbox 1257 2971 1438 3044; x_wconf 86' lang='lat' dir='ltr'><strong>antequam</strong></span> <span class='ocrx_word' id='word_1_244' title='bbox 1460 2960 1543 3025; x_wconf 86' lang='lat' dir='ltr'><strong>victi</strong></span> <span class='ocrx_word' id='word_1_245' title='bbox 1572 2973 1604 3026; x_wconf 90' lang='lat' dir='ltr'><strong>et</strong></span> <span class='ocrx_word' id='word_1_246' title='bbox 1624 2962 1709 3024; x_wconf 90' lang='lat' dir='ltr'><strong>socii</strong></span> <span class='ocrx_word' id='word_1_247' title='bbox 1730 2961 1812 3026; x_wconf 85' lang='lat' dir='ltr'><strong>facti</strong></span> 
     </span>
     <span class='ocr_line' id='line_1_26' title="bbox 415 3065 1812 3153; baseline 0.001 -26"><span class='ocrx_word' id='word_1_248' title='bbox 415 3067 555 3131; x_wconf 89' lang='lat' dir='ltr'><strong>fuerint.</strong></span> <span class='ocrx_word' id='word_1_249' title='bbox 586 3073 651 3134; x_wconf 89' lang='lat' dir='ltr'><strong>Sed</strong></span> <span class='ocrx_word' id='word_1_250' title='bbox 672 3068 701 3132; x_wconf 89' lang='lat' dir='ltr'><strong>si</strong></span> <span class='ocrx_word' id='word_1_251' title='bbox 730 3071 884 3133; x_wconf 92' lang='lat' dir='ltr'><strong>nondum</strong></span> <span class='ocrx_word' id='word_1_252' title='bbox 912 3067 994 3132; x_wconf 74' lang='lat' dir='ltr'><strong>vieti</strong></span> <span class='ocrx_word' id='word_1_253' title='bbox 1016 3078 1135 3153; x_wconf 90' lang='lat' dir='ltr'><strong>erant,</strong></span> <span class='ocrx_word' id='word_1_254' title='bbox 1163 3067 1312 3132; x_wconf 84' lang='lat' dir='ltr'><strong>Romani</strong></span> <span class='ocrx_word' id='word_1_255' title='bbox 1336 3087 1458 3152; x_wconf 88' lang='lat' dir='ltr'><strong>parum</strong></span> <span class='ocrx_word' id='word_1_256' title='bbox 1481 3076 1570 3130; x_wconf 87' lang='lat' dir='ltr'><strong>recte</strong></span> <span class='ocrx_word' id='word_1_257' title='bbox 1592 3067 1738 3129; x_wconf 87' lang='lat' dir='ltr'><strong>victores</strong></span> <span class='ocrx_word' id='word_1_258' title='bbox 1758 3065 1812 3130; x_wconf 92' lang='lat' dir='ltr'><strong>di-</strong></span> 
     </span>
     <span class='ocr_line' id='line_1_27' title="bbox 417 3157 1811 3255; baseline 0.004 -24"><span class='ocrx_word' id='word_1_259' title='bbox 417 3179 562 3252; x_wconf 88' lang='lat' dir='ltr'><strong>cuntur,</strong></span> <span class='ocrx_word' id='word_1_260' title='bbox 592 3181 624 3232; x_wconf 90' lang='lat' dir='ltr'><strong>et</strong></span> <span class='ocrx_word' id='word_1_261' title='bbox 644 3173 772 3234; x_wconf 85' lang='lat' dir='ltr'><strong>invicto</strong></span> <span class='ocrx_word' id='word_1_262' title='bbox 802 3174 946 3255; x_wconf 77' lang='lat' dir='ltr'><strong>populo</strong></span> <span class='ocrx_word' id='word_1_263' title='bbox 961 3174 1052 3235; x_wconf 91' lang='lat' dir='ltr'><strong>nihil</strong></span> <span class='ocrx_word' id='word_1_264' title='bbox 1068 3157 1139 3235; x_wconf 64' lang='lat' dir='ltr'><strong>&#39;aut</strong></span> <span class='ocrx_word' id='word_1_265' title='bbox 1166 3173 1316 3236; x_wconf 85' lang='lat' dir='ltr'><strong>adimere</strong></span> <span class='ocrx_word' id='word_1_266' title='bbox 1345 3184 1402 3234; x_wconf 86' lang='lat' dir='ltr'><strong>aut</strong></span> <span class='ocrx_word' id='word_1_267' title='bbox 1430 3171 1625 3252; x_wconf 88' lang='lat' dir='ltr'><strong>relinquere</strong></span> <span class='ocrx_word' id='word_1_268' title='bbox 1645 3181 1811 3254; x_wconf 84' lang='lat' dir='ltr'><strong>poterant.</strong></span> 
     </span>
     <span class='ocr_line' id='line_1_28' title="bbox 414 3274 1811 3358; baseline 0 -20"><span class='ocrx_word' id='word_1_269' title='bbox 414 3275 497 3340; x_wconf 77' lang='lat' dir='ltr'><strong>Haec</strong></span> <span class='ocrx_word' id='word_1_270' title='bbox 517 3275 629 3358; x_wconf 84' lang='lat' dir='ltr'><strong>glossa</strong></span> <span class='ocrx_word' id='word_1_271' title='bbox 649 3274 772 3358; x_wconf 88' lang='lat' dir='ltr'><strong>igitur,</strong></span> <span class='ocrx_word' id='word_1_272' title='bbox 793 3293 896 3353; x_wconf 87' lang='lat' dir='ltr'><strong>quam</strong></span> <span class='ocrx_word' id='word_1_273' title='bbox 917 3275 1081 3338; x_wconf 86' lang='lat' dir='ltr'><strong>nonnulli</strong></span> <span class='ocrx_word' id='word_1_274' title='bbox 1101 3276 1248 3338; x_wconf 90' lang='lat' dir='ltr'><strong>editores</strong></span> <span class='ocrx_word' id='word_1_275' title='bbox 1267 3276 1490 3340; x_wconf 86' lang='lat' dir='ltr'><strong>necessariam</strong></span> <span class='ocrx_word' id='word_1_276' title='bbox 1507 3277 1714 3352; x_wconf 85' lang='lat' dir='ltr'><strong>babuerunt,</strong></span> <span class='ocrx_word' id='word_1_277' title='bbox 1732 3295 1811 3341; x_wconf 88' lang='lat' dir='ltr'><strong>sen-</strong></span> 
     </span>
     <span class='ocr_line' id='line_1_29' title="bbox 418 3377 743 3442; baseline 0.003 -3"><span class='ocrx_word' id='word_1_278' title='bbox 418 3397 458 3439; x_wconf 87' lang='lat' dir='ltr'><strong>su</strong></span> <span class='ocrx_word' id='word_1_279' title='bbox 479 3377 622 3441; x_wconf 90' lang='lat' dir='ltr'><strong>omnino</strong></span> <span class='ocrx_word' id='word_1_280' title='bbox 644 3387 743 3442; x_wconf 88' lang='lat' dir='ltr'><strong>caret.</strong></span> 
     </span>
    </p>

    <p class='ocr_par' dir='ltr' id='par_1_3' title="bbox 322 3483 1811 4408">
     <span class='ocr_line' id='line_1_30' title="bbox 499 3483 1811 3566; baseline 0.005 -24"><span class='ocrx_word' id='word_1_281' title='bbox 499 3483 577 3566; x_wconf 87' lang='lat' dir='ltr'><strong>Cap.</strong></span> <span class='ocrx_word' id='word_1_282' title='bbox 593 3483 683 3544; x_wconf 85' lang='lat' dir='ltr'><strong>x111.</strong></span> <span class='ocrx_word' id='word_1_283' title='bbox 713 3484 818 3543; x_wconf 87' lang='lat' dir='ltr'><strong>Codd.</strong></span> <span class='ocrx_word' id='word_1_284' title='bbox 839 3484 1004 3544; x_wconf 87' lang='lat' dir='ltr'><strong>fluctuant</strong></span> <span class='ocrx_word' id='word_1_285' title='bbox 1024 3483 1115 3545; x_wconf 90' lang='lat' dir='ltr'><strong>inter</strong></span> <span class='ocrx_word' id='word_1_286' title='bbox 1134 3483 1298 3549; x_wconf 89' lang='lat' dir='ltr'><strong>lectiones</strong></span> <span class='ocrx_word' id='word_1_287' title='bbox 1320 3495 1512 3551; x_wconf 80' lang='lat' dir='ltr'><strong>constrata</strong></span> <span class='ocrx_word' id='word_1_288' title='bbox 1533 3494 1568 3552; x_wconf 88' lang='lat' dir='ltr'><strong>et</strong></span> <span class='ocrx_word' id='word_1_289' title='bbox 1587 3493 1811 3551; x_wconf 79' lang='lat' dir='ltr'><strong>constructo.</strong></span> 
     </span>
     <span class='ocr_line' id='line_1_31' title="bbox 416 3586 1811 3676; baseline 0.003 -26"><span class='ocrx_word' id='word_1_290' title='bbox 416 3589 515 3650; x_wconf 90' lang='lat' dir='ltr'><strong>Hanc</strong></span> <span class='ocrx_word' id='word_1_291' title='bbox 537 3587 670 3650; x_wconf 89' lang='lat' dir='ltr'><strong>Cortius</strong></span> <span class='ocrx_word' id='word_1_292' title='bbox 691 3587 835 3671; x_wconf 88' lang='lat' dir='ltr'><strong>recepit,</strong></span> <span class='ocrx_word' id='word_1_293' title='bbox 857 3605 1000 3666; x_wconf 90' lang='lat' dir='ltr'><strong>eamque</strong></span> <span class='ocrx_word' id='word_1_294' title='bbox 1021 3586 1155 3651; x_wconf 90' lang='lat' dir='ltr'><strong>firmare</strong></span> <span class='ocrx_word' id='word_1_295' title='bbox 1175 3589 1358 3674; x_wconf 86' lang='lat' dir='ltr'><strong>videntur,</strong></span> <span class='ocrx_word' id='word_1_296' title='bbox 1377 3613 1452 3672; x_wconf 82' lang='lat' dir='ltr'><strong>quae</strong></span> <span class='ocrx_word' id='word_1_297' title='bbox 1475 3592 1565 3654; x_wconf 83' lang='lat' dir='ltr'><strong>inira</strong></span> <span class='ocrx_word' id='word_1_298' title='bbox 1585 3612 1656 3676; x_wconf 83' lang='lat' dir='ltr'><strong>cap.</strong></span> <span class='ocrx_word' id='word_1_299' title='bbox 1670 3592 1740 3654; x_wconf 87' lang='lat' dir='ltr'><strong>XX.</strong></span> <span class='ocrx_word' id='word_1_300' title='bbox 1759 3590 1811 3654; x_wconf 85' lang='lat' dir='ltr'><strong>le-</strong></span> 
     </span>
     <span class='ocr_line' id='line_1_32' title="bbox 415 3689 1811 3780; baseline 0.001 -24"><span class='ocrx_word' id='word_1_301' title='bbox 415 3702 559 3778; x_wconf 87' lang='lat' dir='ltr'><strong>guntur:</strong></span> <span class='ocrx_word' id='word_1_302' title='bbox 582 3691 620 3756; x_wconf 84' lang='lat' dir='ltr'><strong>in</strong></span> <span class='ocrx_word' id='word_1_303' title='bbox 644 3693 862 3756; x_wconf 76' lang='lat' dir='ltr'><strong>exstruendo</strong></span> <span class='ocrx_word' id='word_1_304' title='bbox 885 3689 990 3754; x_wconf 89' lang='lat' dir='ltr'><strong>mori.</strong></span> <span class='ocrx_word' id='word_1_305' title='bbox 1010 3691 1146 3754; x_wconf 78' lang='lat' dir='ltr'><strong>Accedit</strong></span> <span class='ocrx_word' id='word_1_306' title='bbox 1167 3698 1258 3775; x_wconf 91' lang='lat' dir='ltr'><strong>quod</strong></span> <span class='ocrx_word' id='word_1_307' title='bbox 1280 3696 1416 3758; x_wconf 82' lang='lat' dir='ltr'><strong>luxuria</strong></span> <span class='ocrx_word' id='word_1_308' title='bbox 1436 3696 1514 3780; x_wconf 87' lang='lat' dir='ltr'><strong>ista,</strong></span> <span class='ocrx_word' id='word_1_309' title='bbox 1535 3696 1591 3759; x_wconf 89' lang='lat' dir='ltr'><strong>cui</strong></span> <span class='ocrx_word' id='word_1_310' title='bbox 1611 3695 1720 3760; x_wconf 89' lang='lat' dir='ltr'><strong>dediti</strong></span> <span class='ocrx_word' id='word_1_311' title='bbox 1741 3697 1811 3758; x_wconf 86' lang='lat' dir='ltr'><strong>Ro·</strong></span> 
     </span>
     <span class='ocr_line' id='line_1_33' title="bbox 416 3798 1810 3886; baseline 0.003 -28"><span class='ocrx_word' id='word_1_312' title='bbox 416 3799 530 3881; x_wconf 87' lang='lat' dir='ltr'><strong>mani,</strong></span> <span class='ocrx_word' id='word_1_313' title='bbox 550 3798 698 3880; x_wconf 88' lang='lat' dir='ltr'><strong>piscinas</strong></span> <span class='ocrx_word' id='word_1_314' title='bbox 718 3799 907 3864; x_wconf 83' lang='lat' dir='ltr'><strong>maritimas</strong></span> <span class='ocrx_word' id='word_1_315' title='bbox 927 3798 1125 3883; x_wconf 87' lang='lat' dir='ltr'><strong>ingentibus</strong></span> <span class='ocrx_word' id='word_1_316' title='bbox 1145 3800 1336 3882; x_wconf 90' lang='lat' dir='ltr'><strong>sumptibus</strong></span> <span class='ocrx_word' id='word_1_317' title='bbox 1366 3799 1585 3881; x_wconf 82' lang='lat' dir='ltr'><strong>aedilcarunt‚</strong></span> <span class='ocrx_word' id='word_1_318' title='bbox 1612 3802 1810 3886; x_wconf 84' lang='lat' dir='ltr'><strong>perelegan-</strong></span> 
     </span>
     <span class='ocr_line' id='line_1_34' title="bbox 416 3901 1810 3988; baseline 0.005 -28"><span class='ocrx_word' id='word_1_319' title='bbox 416 3905 470 3963; x_wconf 86' lang='lat' dir='ltr'><strong>ter</strong></span> <span class='ocrx_word' id='word_1_320' title='bbox 489 3901 553 3962; x_wconf 88' lang='lat' dir='ltr'><strong>bac</strong></span> <span class='ocrx_word' id='word_1_321' title='bbox 572 3924 655 3966; x_wconf 85' lang='lat' dir='ltr'><strong>voce</strong></span> <span class='ocrx_word' id='word_1_322' title='bbox 676 3915 823 3971; x_wconf 88' lang='lat' dir='ltr'><strong>notatur.</strong></span> <span class='ocrx_word' id='word_1_323' title='bbox 848 3922 928 3966; x_wconf 90' lang='lat' dir='ltr'><strong>nam</strong></span> <span class='ocrx_word' id='word_1_324' title='bbox 950 3904 1105 3970; x_wconf 81' lang='lat' dir='ltr'><strong>loculatoe</strong></span> <span class='ocrx_word' id='word_1_325' title='bbox 1126 3915 1221 3969; x_wconf 91' lang='lat' dir='ltr'><strong>erant</strong></span> <span class='ocrx_word' id='word_1_326' title='bbox 1241 3905 1398 3987; x_wconf 87' lang='lat' dir='ltr'><strong>piscinae,</strong></span> <span class='ocrx_word' id='word_1_327' title='bbox 1431 3907 1492 3968; x_wconf 94' lang='lat' dir='ltr'><strong>ubi</strong></span> <span class='ocrx_word' id='word_1_328' title='bbox 1514 3907 1664 3988; x_wconf 87' lang='lat' dir='ltr'><strong>dispares</strong></span> <span class='ocrx_word' id='word_1_329' title='bbox 1685 3905 1810 3969; x_wconf 88' lang='lat' dir='ltr'><strong>disclu-</strong></span> 
     </span>
     <span class='ocr_line' id='line_1_35' title="bbox 416 4003 1809 4095; baseline 0.002 -26"><span class='ocrx_word' id='word_1_330' title='bbox 416 4022 472 4070; x_wconf 86' lang='lat' dir='ltr'><strong>sos</strong></span> <span class='ocrx_word' id='word_1_331' title='bbox 492 4003 658 4076; x_wconf 85' lang='lat' dir='ltr'><strong>haberent</strong></span> <span class='ocrx_word' id='word_1_332' title='bbox 676 4007 800 4089; x_wconf 85' lang='lat' dir='ltr'><strong>pisces,</strong></span> <span class='ocrx_word' id='word_1_333' title='bbox 821 4017 853 4070; x_wconf 90' lang='lat' dir='ltr'><strong>et</strong></span> <span class='ocrx_word' id='word_1_334' title='bbox 874 4008 962 4068; x_wconf 87' lang='lat' dir='ltr'><strong>hanc</strong></span> <span class='ocrx_word' id='word_1_335' title='bbox 982 4010 1026 4070; x_wconf 91' lang='lat' dir='ltr'><strong>ob</strong></span> <span class='ocrx_word' id='word_1_336' title='bbox 1047 4029 1119 4070; x_wconf 91' lang='lat' dir='ltr'><strong>rem</strong></span> <span class='ocrx_word' id='word_1_337' title='bbox 1145 4008 1267 4091; x_wconf 86' lang='lat' dir='ltr'><strong>saepius</strong></span> <span class='ocrx_word' id='word_1_338' title='bbox 1288 4006 1499 4093; x_wconf 67' lang='lat' dir='ltr'><strong>aedficotoe</strong></span> <span class='ocrx_word' id='word_1_339' title='bbox 1525 4010 1666 4095; x_wconf 70' lang='lat' dir='ltr'><strong>piscinae</strong></span> <span class='ocrx_word' id='word_1_340' title='bbox 1688 4011 1809 4074; x_wconf 89' lang='lat' dir='ltr'><strong>dicun·</strong></span> 
     </span>
     <span class='ocr_line' id='line_1_36' title="bbox 322 4106 1809 4200; baseline 0.005 -29"><span class='ocrx_word' id='word_1_341' title='bbox 322 4192 325 4200; x_wconf 65' lang='lat'><em>,</em></span> <span class='ocrx_word' id='word_1_342' title='bbox 417 4119 483 4176; x_wconf 90' lang='lat' dir='ltr'><strong>tur.</strong></span> <span class='ocrx_word' id='word_1_343' title='bbox 519 4106 578 4172; x_wconf 86' lang='lat' dir='ltr'><strong>cfr.</strong></span> <span class='ocrx_word' id='word_1_344' title='bbox 600 4109 717 4170; x_wconf 84' lang='lat' dir='ltr'><strong>Varro.</strong></span> <span class='ocrx_word' id='word_1_345' title='bbox 740 4113 780 4170; x_wconf 85' lang='lat' dir='ltr'><strong>R.</strong></span> <span class='ocrx_word' id='word_1_346' title='bbox 802 4111 841 4172; x_wconf 86' lang='lat' dir='ltr'><strong>R.</strong></span> <span class='ocrx_word' id='word_1_347' title='bbox 865 4115 892 4171; x_wconf 90' lang='grc'><strong>3.</strong></span> <span class='ocrx_word' id='word_1_348' title='bbox 918 4131 964 4190; x_wconf 89' lang='lat'><strong>¹7·</strong></span> <span class='ocrx_word' id='word_1_349' title='bbox 994 4113 1044 4174; x_wconf 89' lang='lat' dir='ltr'><strong>Dc</strong></span> <span class='ocrx_word' id='word_1_350' title='bbox 1067 4115 1185 4175; x_wconf 89' lang='lat' dir='ltr'><strong>eadem</strong></span> <span class='ocrx_word' id='word_1_351' title='bbox 1213 4134 1249 4176; x_wconf 91' lang='lat' dir='ltr'><strong>re</strong></span> <span class='ocrx_word' id='word_1_352' title='bbox 1269 4115 1394 4176; x_wconf 85' lang='lat' dir='ltr'><strong>Seneca</strong></span> <span class='ocrx_word' id='word_1_353' title='bbox 1423 4118 1464 4177; x_wconf 93' lang='lat' dir='ltr'><strong>de</strong></span> <span class='ocrx_word' id='word_1_354' title='bbox 1492 4117 1546 4178; x_wconf 87' lang='lat' dir='ltr'><strong>Ira</strong></span> <span class='ocrx_word' id='word_1_355' title='bbox 1572 4112 1809 4180; x_wconf 85' lang='lat' dir='ltr'><strong>I.16.maria</strong></span> 
     </span>
     <span class='ocr_line' id='line_1_37' title="bbox 418 4212 1810 4304; baseline 0.004 -28"><span class='ocrx_word' id='word_1_356' title='bbox 418 4218 592 4279; x_wconf 83' lang='lat' dir='ltr'><strong>conclusa</strong></span> <span class='ocrx_word' id='word_1_357' title='bbox 602 4212 696 4275; x_wconf 90' lang='lat' dir='ltr'><strong>dicit.</strong></span> <span class='ocrx_word' id='word_1_358' title='bbox 718 4214 845 4276; x_wconf 92' lang='lat' dir='ltr'><strong>Tibull.</strong></span> <span class='ocrx_word' id='word_1_359' title='bbox 860 4215 1004 4299; x_wconf 77' lang='lat' dir='ltr'><strong>Elcgll.</strong></span> <span class='ocrx_word' id='word_1_360' title='bbox 1018 4219 1045 4276; x_wconf 82' lang='lat'><strong>6.</strong></span> <span class='ocrx_word' id='word_1_361' title='bbox 1056 4233 1104 4296; x_wconf 89' lang='lat'><strong>27.</strong></span> <span class='ocrx_word' id='word_1_362' title='bbox 1127 4219 1264 4279; x_wconf 81' lang='lat' dir='ltr'><strong>clausa.</strong></span> <span class='ocrx_word' id='word_1_363' title='bbox 1288 4218 1346 4279; x_wconf 80' lang='lat' dir='ltr'><strong>cir.</strong></span> <span class='ocrx_word' id='word_1_364' title='bbox 1369 4219 1469 4282; x_wconf 86' lang='lat' dir='ltr'><strong>ctiam</strong></span> <span class='ocrx_word' id='word_1_365' title='bbox 1490 4221 1605 4283; x_wconf 88' lang='lat' dir='ltr'><strong>Scncc.</strong></span> <span class='ocrx_word' id='word_1_366' title='bbox 1615 4223 1673 4304; x_wconf 90' lang='lat' dir='ltr'><strong>Ep.</strong></span> <span class='ocrx_word' id='word_1_367' title='bbox 1685 4223 1734 4300; x_wconf 84' lang='lat'><strong>89.</strong></span> <span class='ocrx_word' id='word_1_368' title='bbox 1747 4217 1810 4282; x_wconf 91' lang='lat' dir='ltr'><strong>ubi</strong></span> 
     </span>
     <span class='ocr_line' id='line_1_38' title="bbox 416 4314 1809 4408; baseline 0.005 -27"><span class='ocrx_word' id='word_1_369' title='bbox 416 4319 537 4384; x_wconf 84' lang='lat' dir='ltr'><strong>maria</strong></span> <span class='ocrx_word' id='word_1_370' title='bbox 558 4317 742 4386; x_wconf 82' lang='lat' dir='ltr'><strong>introrsus</strong></span> <span class='ocrx_word' id='word_1_371' title='bbox 762 4314 827 4408; x_wconf 85' lang='lat' dir='ltr'><strong>ogi</strong></span> <span class='ocrx_word' id='word_1_372' title='bbox 846 4321 1023 4404; x_wconf 87' lang='lat' dir='ltr'><strong>dicuntur,</strong></span> <span class='ocrx_word' id='word_1_373' title='bbox 1044 4331 1076 4384; x_wconf 88' lang='lat' dir='ltr'><strong>et</strong></span> <span class='ocrx_word' id='word_1_374' title='bbox 1097 4321 1216 4402; x_wconf 81' lang='lat' dir='ltr'><strong>Vellej.</strong></span> <span class='ocrx_word' id='word_1_375' title='bbox 1236 4324 1277 4385; x_wconf 94' lang='lat' dir='ltr'><strong>II.</strong></span> <span class='ocrx_word' id='word_1_376' title='bbox 1297 4328 1346 4387; x_wconf 90' lang='grc'><strong>33.</strong></span> <span class='ocrx_word' id='word_1_377' title='bbox 1368 4346 1469 4391; x_wconf 86' lang='lat' dir='ltr'><strong>mare</strong></span> <span class='ocrx_word' id='word_1_378' title='bbox 1490 4325 1656 4406; x_wconf 81' lang='lat' dir='ltr'><strong>suffossis</strong></span> <span class='ocrx_word' id='word_1_379' title='bbox 1673 4321 1809 4389; x_wconf 84' lang='lat' dir='ltr'><strong>monti·</strong></span> 
     </span>
    </p>
   </div>
   <div class='ocr_carea' id='block_1_3' title="bbox 0 0 2063 4970">
    <p class='ocr_par' dir='ltr' id='par_1_4' title="bbox 0 0 2063 4970">
     <span class='ocr_line' id='line_1_39' title="bbox 0 0 2063 4970; baseline 0 0"><span class='ocrx_word' id='word_1_380' title='bbox 0 0 2063 4970; x_wconf 95' lang='lat' dir='ltr'><strong> </strong></span> 
     </span>
    </p>
   </div>
  </div>
 </body>
</html>
