4106 4974
409 405 482 460 20²

408 567 596 636 dicendum
616 580 688 628 esse
705 565 839 642 putant.
867 559 939 616 ruti
958 559 1050 614 nibil
1070 561 1253 631 omittunt,
1272 552 1426 630 qnodad
1447 564 1521 612 rem
1540 546 1695 632 aliquam
1715 550 1814 620 illua·

407 672 565 735 trandum
585 661 758 750 pertinere
774 657 937 732 ridetur,
964 663 1000 722 ct
1020 654 1060 719 in
1079 652 1226 738 dngrdis
1245 652 1347 720 rehu
1366 653 1569 720 maranus
1588 655 1814 743 diligentissi-

405 792 464 839 me
481 777 677 847 versantur3
701 764 765 828 alii
784 783 894 850 pauca
913 781 1022 845 eaque
1041 757 1194 846 insignis
1212 765 1317 842 stone
1337 757 1485 825 maxime
1505 762 1748 854 memorabilia
1766 763 1812 830 il.

403 880 565 946 lustrasse
583 872 666 940 satis
685 870 826 936 babent.
864 871 949 956 Quae
969 865 1063 932 enim
1084 864 1123 930 in
1142 863 1345 930 hominibus
1365 861 1555 951 singularia
1574 875 1680 952 sunt,
1702 875 1749 933 ut
1769 867 1811 934 in

404 984 494 1052 alios
513 977 698 1048 convenire
718 973 957 1062 nonpossint,
986 991 1027 1038 ex
1047 970 1092 1036 iis
1111 969 1384 1036 luculentissime
1403 979 1562 1036 usturam
1583 973 1809 1040 strationem

401 1087 538 1176 ingenii
568 1082 714 1154 burnani
741 1081 893 1170 perspici
918 1086 1084 1176 statuunt,
1103 1078 1218 1164 Quare
1237 1075 1277 1142 in
1296 1075 1353 1141 bis
1372 1077 1572 1144 enarrandis
1591 1079 1809 1164 multisunt,

401 1203 436 1264 et
465 1197 510 1263 sd
543 1197 617 1260 bsec
647 1189 866 1278 potissimum
894 1185 1049 1273 legentes
1067 1184 1250 1250 intendere
1273 1181 1409 1248 animos
1430 1181 1566 1264 jnbens.
1607 1186 1657 1249 Ex
1681 1186 1807 1250 borum

400 1299 608 1388 scriptorum
627 1315 776 1364 numero
793 1292 962 1358 Salustius
981 1297 1053 1368 est,
1069 1288 1132 1373 qni
1152 1287 1345 1356 orationem
1365 1289 1430 1354 bac
1450 1308 1488 1356 re
1508 1288 1656 1356 maxime
1674 1289 1809 1358 variare

403 1415 438 1474 et
458 1424 583 1473 ornare
602 1405 736 1489 studet,
763 1402 858 1485 quod
878 1398 947 1464 alia
964 1394 1180 1483 paucissimis
1198 1393 1370 1480 absolvit,
1387 1393 1458 1458 slis
1477 1394 1685 1480 eloquentia
1703 1403 1807 1480 atquo

400 1510 649 1578 sententiarum
667 1508 863 1572 luminibus
883 1509 1036 1576 exorrui,
1075 1505 1159 1588 Quo
1180 1499 1218 1566 in
1242 1501 1368 1588 vulgas
1396 1505 1480 1566 nolo
1498 1508 1558 1564 aut
1578 1500 1628 1565 ita
1650 1501 1807 1588 vulgaria

400 1615 560 1704 luerunt,
578 1621 617 1679 ut
637 1611 742 1679 etiam
770 1611 843 1676 alio
864 1618 1019 1694 tempore
1038 1606 1115 1672 fieri
1133 1625 1233 1690 posse
1250 1606 1467 1692 viderentur,
1498 1625 1541 1674 sa
1559 1605 1632 1672 iere
1652 1606 1803 1688 omittits

341 1711 344 1718 ’
398 1723 459 1787 sed
479 1739 556 1802 qum
575 1718 721 1798 alicujus
739 1713 881 1803 propria
900 1715 994 1778 bona
1010 1719 1069 1777 aut
1086 1710 1172 1776 vitia
1190 1731 1262 1780 esse
1283 1712 1463 1790 videntur,
1491 1711 1548 1776 bis
1567 1712 1605 1776 in
1625 1713 1727 1777 rebus
1747 1731 1805 1778 ex·

395 1825 568 1912 plicandis
585 1824 742 1888 laborem
762 1829 796 1888 et
816 1818 970 1887 studium
990 1817 1171 1884 consumit.
1204 1817 1331 1884 Hocsi
1358 1816 1585 1904 reputaveris,
1615 1816 1716 1883 facile
1748 1817 1804 1882 in·

396 1931 549 2018 telliges,
573 1949 635 1995 cur
653 1927 843 1994 multarum
869 1943 987 1991 rerum
1007 1925 1106 1988 nulls
1126 1923 1260 1990 mentio
1279 1943 1300 1988 s
1318 1921 1467 1988 Salustio
1486 1922 1575 1987 lacta
1591 1921 1647 1988 sit.
1686 1926 1804 2006 Neque

395 2035 463 2100 boc
485 2043 517 2101 te
536 2035 664 2100 mirum
684 2030 847 2117 babebit,
868 2031 963 2114 quod
983 2029 1187 2096 memoriam
1207 2049 1322 2095 rerum
1343 2028 1556 2115 temporibus
1576 2047 1647 2092 non
1666 2046 1804 2093 accurs·

396 2141 465 2206 tius
485 2141 668 2208 definierit.
697 2141 849 2204 Fuerunt
868 2136 979 2220 enm,
1002 2135 1084 2223 qui,
1102 2137 1198 2220 quod
1219 2136 1256 2200 in
1276 2134 1452 2201 Ciceronis
1470 2133 1686 2200 orationibus
1703 2152 1803 2199 socu-

269 2231 272 2238 ’
395 2245 565 2320 ratissimo
583 2253 634 2312 cst
653 2245 849 2331 scriptum,
876 2262 947 2327 quo
967 2250 1123 2328 tempore
1142 2239 1261 2308 omnis
1281 2247 1376 2328 gesta
1404 2238 1555 2323 fuerint,
1584 2242 1705 2306 eadem
1724 2259 1803 2314 cum

394 2349 578 2438 diligentia
595 2349 783 2414 Salustium
802 2349 924 2413 omnia
944 2348 1094 2414 scribere
1113 2347 1273 2414 debuisse
1292 2347 1464 2432 putarent.
1502 2345 1570 2411 Sed
1596 2344 1635 2408 in
1663 2343 1801 2412 univer·

393 2473 470 2520 sum
495 2457 578 2520 setis
603 2462 759 2520 accurate
779 2453 960 2539 disseruit,
992 2473 1063 2536 quo
1085 2461 1239 2538 tempore
1262 2451 1455 2533 coniuratio
1476 2447 1564 2514 lacta
1584 2449 1711 2535 luerit,
1741 2455 1801 2518 sed

393 2557 550 2641 singulos
568 2557 644 2622 dies
663 2566 804 2639 notare,
825 2557 864 2621 in
886 2578 957 2640 qua
976 2560 1121 2622 obscura
1142 2557 1326 2644 diligentia
1344 2557 1448 2622 multi
1466 2557 1606 2622 laudern
1627 2563 1803 2639 querunt,

394 2659 543 2724 Salustio
562 2678 852 2744 supervacaneum
870 2660 982 2723 risurn
1004 2681 1078 2726 esse
1095 2665 1210 2728 credo,
1230 2661 1300 2749 Qui
1316 2663 1410 2728 enim
1430 2660 1468 2726 in
1489 2662 1591 2728 rebus
1609 2660 1803 2726 scribendis

394 2765 432 2830 id
450 2764 669 2850 potissimum
687 2773 816 2851 agunt,
843 2751 883 2828 ut
902 2763 1105 2830 interiorem
1131 2773 1165 2832 et
1190 2767 1404 2832 reconditam
1430 2764 1614 2832 bominum
1642 2765 1799 2832 indolem

393 2871 571 2959 aperiant,
597 2879 736 2938 externa
763 2870 829 2936 ista
856 2869 928 2938 fere
949 2859 1146 2959 negligunt,
1177 2893 1254 2958 qun
1281 2871 1326 2937 sb
1358 2873 1438 2938 aliis
1456 2873 1647 2960 plurimum
1667 2875 1711 2938 ad
1731 2874 1800 2938 bo·

392 2978 525 3044 minum
547 2997 660 3046 mones
679 2978 861 3066 fingendus
888 2975 1045 3044 conferre
1074 2987 1248 3064 putantur.
1267 2979 1361 3066 Alis,
1389 2982 1514 3066 credo,
1540 3000 1617 3062 qun
1635 2998 1658 3043 a
1677 2977 1800 3046 ceteris

388 3085 613 3169 scriptoribus
632 3071 857 3172 enarrantur,
875 3083 1024 3151 Salustio
1045 3084 1177 3151 leviora
1194 3083 1422 3172 videbantur,
1451 3105 1556 3169 quom
1575 3093 1614 3150 ut
1633 3105 1675 3150 ea
1693 3085 1798 3150 attin*
1844 3149 1847 3158 ,

389 3197 495 3275 geret.
531 3192 583 3252 Ita
603 3189 722 3254 Cicero
744 3200 864 3255 auctor
891 3200 965 3278 est,
1007 3191 1066 3262 Or.
1088 3194 1155 3256 Cat.
1173 3212 1201 3255 ι.
1215 3173 1246 3255 δ’.
1276 3191 1461 3256 Catilinam
1490 3191 1569 3260 Kal.
1594 3189 1803 3257 Novembris

327 3339 330 3346 ι
389 3294 559 3382 Βιεδεείο
578 3295 712 3382 impetn
731 3304 902 3360 nocturno
922 3314 1091 3382 occupare
1108 3295 1277 3376 voluisse3
1296 3299 1357 3363 sed
1376 3317 1455 3362 curn
1472 3296 1639 3362 Salustius
1658 3315 1730 3382 cap.
1745 3313 1796 3379 ²7·

391 3396 432 3462 iu
450 3399 650 3468 universum
671 3401 829 3469 Catilinas
850 3401 996 3468 consilia
1016 3401 1258 3488 explicuisset,
1276 3401 1413 3490 singulo
1434 3403 1507 3482 ejus
1526 3401 1617 3466 lacte
1635 3421 1797 3472 enamre

390 3521 462 3567 non
483 3523 570 3589 opus
588 3506 666 3570 fuit.
696 3507 856 3587 Ejusdem
877 3517 929 3572 est
946 3508 1101 3594 generis,
1121 3509 1376 3590 quodcstilins
1393 3527 1430 3574 se
1449 3508 1523 3594 ipse
1542 3509 1582 3573 in
1602 3507 1796 3574 custodiam

389 3607 523 3676 dedisse
543 3619 578 3676 et
595 3614 745 3679 vitanda
764 3610 971 3697 suspicionis
990 3631 1091 3678 causa
1110 3633 1189 3677 cum
1208 3615 1301 3697 apud
1321 3615 1375 3678 M.
1386 3613 1582 3700 Lepidum,
1607 3622 1680 3679 turn
1699 3614 1796 3699 apud

390 3713 590 3783 ciceronem
612 3726 647 3782 et
665 3718 845 3784 Metellum
869 3717 1027 3785 babitus
1054 3718 1225 3804 voluisse,
1251 3727 1285 3784 et
1311 3720 1353 3783 ab
1380 3718 1453 3785 illis
1482 3719 1681 3806 repudiatus
1701 3721 1795 3805 apud

386 3819 434 3879 M.
454 3821 657 3889 Marcellum
678 3823 886 3910 demigrasse
912 3834 1081 3890 narratur.
1111 3825 1172 3890 cira
1194 3824 1263 3892 Cic.
1281 3827 1353 3901 Get.
1367 3847 1393 3890 1.
1408 3827 1440 3901 8.
1470 3825 1539 3893 Dio
1560 3829 1650 3890 Cass.
1667 3829 1719 3908 ³7.
1739 3829 1794 3894 iss

385 3921 463 4008 Qus
481 3921 520 3985 in
540 3927 714 3990 rollionis
734 3948 831 3993 error
850 3933 1040 4016 notandus,
1060 3931 1190 4016 quippe
1209 3930 1272 4014 qui
1292 3931 1476 3997 Catilinam
1495 3935 1590 4018 apud
1610 3930 1796 3998 Metellum

381 4026 580 4113 habitasse,
599 4049 708 4112 eoque
728 4032 843 4097 inscio·
867 4033 1079 4120 conjuratos,
1099 4036 1161 4118 qui
1181 4037 1223 4101 in·
1239 4038 1354 4104 Leccas
1372 4041 1514 4102 domum
1537 4043 1793 4120 convenerant,

384 4134 509 4201 adiisse
529 4143 655 4206 namt.
687 4133 755 4198 nisi
776 4136 854 4219 quis
873 4139 1011 4225 statuit,
1031 4141 1304 4208 Catilinamcum
1318 4161 1381 4230 per
1392 4143 1537 4228 aliquod
1552 4153 1686 4230 tempus
1696 4142 1792 4228 apud
1850 4203 1852 4208 .

383 4239 561 4308 Metellum
581 4241 785 4328 babitasset,
819 4243 863 4308 ab
892 4262 934 4311 eo
955 4247 1174 4330 repudiatum
1200 4251 1246 4313 sd
1266 4249 1314 4315 M.
1339 4251 1543 4317 Marcellum
1570 4249 1794 4337 demigrasse.
