4106 4974
408 405 479 481 126

401 596 486 681 tull,
501 591 580 668 luae
597 587 730 672 Betiimt
749 585 830 665 wit
848 581 903 658 tul
921 555 1004 663 ‘roilo
1023 589 1085 684 aa}
1107 584 1201 662 o’v'loii
1212 581 1413 672 (οἹιπλιΐσΊον
1426 584 1561 668 iliiruio)
1580 581 1718 678 τᾶχιισι,
1740 606 1795 660 λι-

403 703 601 791 Μωόςθω.
642 695 703 758 cfr.
726 695 816 767 Plut.
838 697 878 762 V.
899 697 1160 777 crass.cap.1a.
1202 693 1264 773 qui
1285 703 1404 758 auctor
1427 703 1498 779 ert,
1519 699 1676 757 cruorum
1698 700 1804 760 Caea-

401 825 544 887 remque
558 801 751 866 acicerone
770 810 944 886 suspectos
964 799 1116 881 habitos,
1136 797 1241 880 idque
1261 797 1299 862 in
1320 799 1477 864 oratione
1490 807 1702 884 postcomm
1715 819 1808 865 mor·

402 923 471 978 tem
493 910 586 974 edita
602 906 822 994 significasse.
843 905 903 969 cfr.
925 905 1016 969 Plut.
1038 905 1109 967 vita
1129 903 1201 967 Cic.
1224 905 1272 968 16.
1294 904 1360 970 cia.
1379 907 1441 988 Ep.
1461 908 1506 969 ad
1525 905 1639 968 dtur.
1660 921 1707 982 ιι.
1740 903 1810 970 im·

400 1015 549 1082 missam
569 1012 594 1077 i.
614 1032 644 1077 e.
662 1013 899 1075 subornatum.
940 1008 1089 1078 clr.·Cic.
1104 1028 1176 1094 pro
1194 1009 1284 1078 Sext.
1305 1005 1377 1098 cip.
1392 1015 1442 1074 36.
1472 1009 1597 1074 lustin.
1616 1015 1667 1078 ³².
1686 1029 1715 1074 ι.
1756 1015 1810 1079 ad

398 1119 508 1212 eujus
525 1115 584 1184 rei
595 1112 854 1204 probationem
875 1111 1043 1180 immittit
1063 1111 1216 1198 iudicer,
1237 1122 1346 1180 tester
1364 1114 1556 1179 subornat.
1575 1149 1620 1168 -
1636 1125 1803 1200 surrepto

398 1229 583 1292 malorum
599 1217 829 1308 patrocinio.
869 1221 930 1285 cfr.
954 1221 1026 1285 Cio.
1053 1223 1175 1286 Parad.
1194 1222 1251 1288 VI.
1269 1239 1298 1285 a.
1313 1216 1533 1306 praedicare
1560 1229 1641 1296 «eet
1661 1241 1750 1307 saepe
1767 1230 1804 1286 et

397 1333 514 1417 palam
536 1331 660 1395 dicere.
702 1328 764 1392 eir.
781 1329 859 1414 lug.
875 1343 924 1402 at.
944 1327 1035 1391 Plio.
1059 1329 1120 1412 Ep.
1144 1350 1171 1390 ι.
1191 1325 1265 1392 ιι.”
1287 1327 1326 1391 G.
1346 1330 1544 1411 rupertum
1563 1327 1699 1404 Fiant.
1726 1345 1803 1410 quo

398 1437 543 1517 antiqua
560 1434 729 1518 scriptura
750 1431 855 1498 fuisse
874 1433 1021 1499 videtur.
1042 1432 1103 1502 cir.
1124 1432 1195 1498 Liv.
1211 1449 1241 1510 4.
1261 1439 1310 1498 33.
1347 1449 1351 1454 ’
1389 1447 1394 1454 “

478 1543 562 1623 Cap.
574 1541 691 1604 XLIX.
714 1541 758 1622 Q.
781 1537 939 1606 Catulus
956 1539 1034 1606 vide
1053 1559 1157 1625 supra
1177 1559 1250 1624 cap.
1267 1539 1318 1602 36.
1339 1535 1493 1606 arao.
1517 1539 1555 1601 0.
1578 1533 1804 1621 Calpurnius

398 1641 501 1718 Pieo.
523 1647 565 1709 U.
578 1647 615 1718 C,
634 1647 704 1708 666.
725 1643 846 1710 consul
867 1665 945 1708 oum
958 1647 1007 1714 M.
1018 1645 1131 1710 Acilio
1156 1629 1360 1730 Glabrione,
1381 1641 1569 1708 Procontul
1583 1642 1726 1727 Gallia,
1742 1645 1803 1728 Ep.

399 1752 443 1814 ud
462 1753 530 1817 Atta
552 1772 580 1812 1.
595 1771 622 1834 ι.
638 1755 685 1814 ι3.
701 1766 749 1827 ¹4·
769 1749 968 1836 pacificator
985 1751 1224 1836 Allobrogum.
1243 1771 1294 1834 pr.
1315 1749 1437 1814 Flacco
1458 1751 1508 1814 36.
1522 1749 1572 1828 39.
1610 1784 1629 1822 ς
1642 1747 1805 1813 statarius

398 1861 433 1919 et
451 1856 620 1922 sermonis
639 1855 763 1941 plenus
787 1863 921 1940 orator,
951 1855 1096 1920 minime
1116 1855 1179 1920 ille
1199 1855 1341 1938 quidem
1363 1856 1479 1920 tardus
1503 1852 1542 1917 in
1561 1851 1803 1938 excogitando,

351 1997 354 2004 «
397 1979 518 2024 rerum
539 1969 653 2026 tamen
673 1963 773 2026 vultu
792 1971 827 2030 et
846 1960 1085 2040 simulatione3
1105 1962 1216 2025 multo
1231 1961 1335 2026 etiam
1351 1959 1504 2044 acutior,
1523 1965 1735 2042 audiuerat,
1751 1956 1804 2022 via

397 2065 553 2129 debatur.
572 2070 664 2132 Brut.
697 2065 747 2131 66.
767 2067 806 2132 in
827 2068 891 2132 illo
906 2066 1042 2148 judicio
1063 2065 1182 2132 cicero
1204 2083 1283 2132 eum
1304 2066 1513 2150 defenderat,
1527 2083 1592 2149 pro
1612 2063 1741 2128 Flacco.
1750 2067 1802 2144 39.

398 2173 431 2235 Is
450 2179 485 2235 et
504 2173 644 2236 Catidru
658 2171 860 2240 Ciceronem
879 2191 1051 2238 accusasse
1072 2171 1252 2257 dicuntur,
1271 2175 1366 2256 quod
1385 2175 1550 2238 Caesarem
1572 2172 1616 2237 de
1644 2167 1804 2249 conjuro·

398 2276 494 2342 tione
514 2288 707 2364 suspectum
728 2280 934 2344 inviolatum
955 2278 1137 2346 dimiserit.
1167 2278 1227 2344 air.
1248 2280 1338 2344 Plut.
1357 2277 1418 2343 rit.
1438 2281 1517 2346 Caet.
1540 2297 1567 2340 a.
1583 2297 1612 2358 7.
1645 2273 1688 2344 C.
1711 2273 1803 2344 Cae·

396 2399 471 2450 eor.
491 2383 672 2468 cesarem,
702 2383 733 2449 si
751 2384 868 2448 miuus
887 2385 1043 2449 Catilina
1063 2385 1219 2462 socium,
1246 2394 1281 2448 at
1297 2384 1341 2447 ab
1359 2383 1432 2463 ejus
1452 2380 1607 2447 consiliio
1626 2397 1700 2444 non
1719 2378 1805 2444 alie·

397 2508 484 2550 num
503 2489 609 2555 fuisse
628 2491 709 2553 satis
729 2499 869 2555 constat.
891 2490 953 2554 eir.
973 2491 1062 2558 Plut.
1082 2489 1155 2554 rita
1175 2489 1249 2553 cie
1267 2509 1338 2574 erp.
1354 2505 1403 2552 ao.
1433 2489 1496 2552 tub
1516 2487 1576 2551 fin.
1594 2485 1656 2550 rit.
1678 2487 1759 2551 Ctes-
1773 2503 1803 2550 c.

396 2613 429 2669 7.
455 2591 593 2654 Sueten.
619 2593 689 2654 Jul.
720 2595 801 2658 Caes.
830 2609 877 2670 rt.
912 2590 1038 2676 pretio
1058 2613 1126 2657 vox
1145 2595 1310 2658 solemnis
1329 2594 1368 2658 iu
1387 2595 1454 2658 hae
1473 2611 1521 2658 re.
1541 2590 1603 2654 eir.
1643 2592 1741 2655 duct.
1758 2590 1804 2653 ad

398 2695 550 2758 Herenu.
571 2698 601 2757 3.
619 2699 649 2758 3.
690 2715 756 2758 uer
775 2716 901 2781 prece,
932 2717 999 2760 nee
1014 2695 1138 2780 pretio
1150 2743 1161 2780 ,
1187 2717 1254 2762 neo
1270 2695 1420 2788 gratia,
1441 2695 1705 2781 reoperieulo,
1734 2713 1804 2760 nee

396 2799 587 2865 simultate
605 2821 630 2862 a
650 2807 754 2864 reeta
772 2797 836 2864 or'o
858 2798 996 2866 deduci.
1016 2801 1111 2888 Virg.
1130 2803 1213 2867 Aen.
1235 2805 1266 2866 6.
1287 2820 1336 2871 uo.
1352 2803 1449 2890 fixit
1468 2805 1563 2893 leger
1576 2796 1713 2885 pretio.
1742 2801 1803 2866 sod

397 2925 469 2970 nou
490 2905 637 2990 pecunia
656 2905 893 2994 intelligenda.
916 2909 1143 2974 exercebant.
1166 2910 1257 2974 Med.
1276 2928 1305 2981 a.
1323 2911 1353 2974 6.
1366 2911 1396 2974 8.
1417 2912 1501 2977 ven.
1517 2913 1547 2972 3.
1558 2923 1588 2984 4.
1597 2909 1673 2972 Vut.
1689 2927 1717 2975 ι.
1730 2921 1759 2968 r.
1770 2909 1801 2968 3.

396 3027 427 3087 4.
445 3014 474 3074 6.
495 3013 524 3074 6.
545 3012 642 3076 Barh.
659 3028 687 3073 a.
702 3027 733 3089 4.
749 3015 779 3082 6.
808 3017 891 3078 Βοιι.
924 3015 1014 3079 Flor.
1037 3030 1069 3092 4.
1090 3023 1141 3078 tot
1169 3015 1344 3078 librorum
1365 3013 1637 3101 conspirantium
1657 3009 1802 3077 auotori-

396 3117 459 3178 tati
490 3118 593 3192 cedo,
621 3127 659 3180 et
680 3118 896 3183 exercebant
924 3119 968 3183 ab
997 3127 1136 3206 auctore
1159 3120 1325 3206 scriptum
1357 3139 1431 3186 esee
1458 3119 1588 3200 judico.
1614 3135 1814 3205 oppugna·-

398 3228 458 3283 tue
474 3217 716 3304 pecuniarum
745 3232 857 3305 repet.
881 3225 1022 3290 ituVen.
1040 3247 1067 3292 ι.
1088 3227 1239 3310 omissis,
1259 3245 1335 3306 quae
1356 3225 1393 3289 in
1408 3226 1529 3290 ceteris
1537 3223 1633 3287 libris
1647 3221 1802 3304 interpo-

397 3335 547 3410 nuntur,
569 3321 777 3416 injudicio.
796 3327 869 3406 jam
889 3349 1102 3419 oppugnare
1122 3350 1186 3414 pro
1214 3351 1392 3395 accurare
1422 3331 1545 3416 sepius
1576 3327 1707 3390 dietum
1729 3343 1801 3388 esse

396 3430 479 3493 eatis
495 3430 704 3496 constater.
718 3431 786 3498 Cic.
797 3433 880 3518 Epp.
891 3433 967 3496 Diu.
983 3436 1012 3496 6.
1029 3455 1055 3496 ι.
1067 3435 1257 3500 Metellum
1256 3429 1424 3525 fratrem'
1431 3435 1477 3500 ol
1494 3431 1630 3500 dictum
1640 3425 1801 3513 eapiteet

385 3527 562 3624 fortunia
581 3555 604 3595 a
620 3541 657 3596 te
674 3544 924 3622 oppugnatum
949 3533 1008 3598 ire.
995 3531 1114 3598 'nihil
1139 3537 1247 3621 igitur
1271 3547 1340 3618 est,
1369 3559 1430 3602 our
1457 3541 1526 3604 hoo
1551 3537 1697 3603 verbum
1720 3555 1801 3600 oum

376 3637 548 3726 genitivo
562 3638 747 3726 junginon
763 3659 862 3725 posse
880 3640 1052 3725 dicamus,
1074 3640 1220 3742 maxime
1242 3663 1319 3706 cum
1334 3639 1470 3734 urgeri,
1492 3639 1716 3727 increpitare
1732 3641 1802 3704 hoo

338 3749 501 3844 ιιιιοάο
522 3755 780 3825 construantur3
803 3745 863 3809 cfr.
880 3749 958 3811 Tae.
981 3748 1069 3810 Anu
1093 3749 1122 3810 6.
1145 3767 1193 3832 ²9·
1213 3751 1340 3814 Sueton
1360 3749 1471 3815 Galba
1492 3752 1540 3816 ι6.
1582 3765 1689 3830 quare
1710 3741 1799 3806 mitri

396 3849 537 3928 quidem
555 3871 627 3915 non
643 3851 790 3914 dubium
814 3852 968 3938 videtur,
987 3853 1129 3919 verba
1114 3876 1152 3918 m
1164 3852 1313 3945 judicio
1334 3857 1378 3918 ab
1395 3855 1509 3918 aliena
1523 3871 1629 3916 manu
1648 3867 1719 3916 esse
1738 3850 1799 3910 od·

395 3951 531 4035 scripta.
551 3953 810 4036 Pontificatue.
824 3959 894 4020 huo
908 3960 951 4021 de
981 3980 1017 4025 re
1039 3960 1098 4024 cfr.
1119 3961 1209 4023 Plut.
1226 3959 1297 4022 vito
1316 3963 1396 4024 Cora.
1421 3980 1493 4044 cap.
1510 3981 1542 4042 7.
1568 3959 1709 4022 Sueten.
1727 3951 1801 4014 vite.

392 4059 462 4122 tul.
484 4062 531 4131 13.
552 4057 620 4120 Dio
638 4059 726 4120 Cass.
741 4063 792 4140 37,
813 4065 872 4140 37„
893 4063 1014 4142 Vellej.
1035 4067 1164 4130 Patere.
1180 4081 1209 4132 a.
1227 4069 1278 4139 43.
1300 4060 1447 4152 egregia
1470 4057 1704 4126 liberalitate.
1725 4077 1800 4122 rec-

394 4165 462 4228 tius
480 4163 738 4250 prodigentiam
762 4164 897 4230 dixeris.
927 4169 986 4237 cir.
1002 4172 1140 4234 Sueton.
1167 4170 1192 4232 l.
1221 4170 1244 4231 l.
1273 4169 1362 4230 Plut.
1383 4189 1415 4232 v.
1434 4170 1514 4234 Caes.
1535 4189 1565 4241 o,
1580 4169 1608 4230 6.
1640 4161 1800 4264 χρέμινος

393 4267 487 4347 tllutr
506 4269 658 4348 larrium
677 4267 803 4356 iareiit
823 4315 833 4340 ι
852 4317 888 4342 ··
909 4319 918 4342 ·
961 4273 1078 4364 limiae
1098 4271 1175 4374 πρὶν
1192 4272 1223 4351 lc
1241 4271 1347 4375 ἆςχιίν
1362 4273 1428 4348 iera
1447 4269 1662 4354 ueiiiaadae,
1686 4267 1800 4358 zellae
