4116 4970
173 1783 175 1790 ’
290 1747 391 1843 Cum
410 1777 521 1842 multo
541 1776 665 1862 serius,
697 1795 801 1859 quam
822 1775 1006 1839 consilium
1026 1775 1151 1856 fuerat,
1181 1773 1422 1839 commentarii
1452 1773 1491 1838 in
1510 1773 1697 1842 Salustium

289 1884 508 1968 evulgentur,
540 1903 648 1968 pauca
668 1881 897 1966 praefari-non
917 1883 977 1946 abs
997 1903 1034 1947 re
1053 1882 1175 1946 visum.
1198 1882 1284 1964 quid
1304 1881 1343 1946 in
1364 1885 1432 1945 hoc
1453 1881 1546 1944 libro
1566 1889 1699 1964 specta·

288 1988 399 2054 verim
405 2032 416 2066 ,
445 1991 517 2053 alio
537 1990 615 2054 loco
643 1988 752 2052 fusius
772 1987 957 2073 exposui.⁰)
997 1992 1087 2051 Num
1108 1989 1229 2074 igitur,
1258 1991 1352 2069 quod
1372 1986 1461 2050 mihi
1480 1985 1698 2070 propositum

289 2103 378 2178 erat,
406 2104 576 2159 assecutus
603 2094 686 2179 sim,
715 2115 760 2157 an
789 2094 842 2159 rei
866 2101 1029 2176 suscepta
1050 2095 1255 2179 magnitudo
1276 2102 1379 2173 atque
1399 2088 1583 2153 difficultas
1601 2109 1698 2174 spem
1715 2143 1736 2158 .

289 2183 402 2263 meam
428 2199 609 2282 fefellerit,
640 2199 789 2262 aliorum
808 2200 854 2262 sit
868 2197 1053 2275 judicium.
1098 2202 1216 2260 Restat
1243 2197 1385 2278 quidem
1414 2195 1604 2258 etiamnum
1624 2213 1698 2260 non

262 2311 266 2322 '
289 2302 437 2364 minima
455 2323 534 2386 pars
553 2303 693 2366 laboris.
725 2304 956 2366 Historiarum
976 2304 1071 2366 enirn
1090 2302 1283 2388 fragmenta
1298 2301 1487 2387 illustrare,
1508 2305 1699 2382 eademque

290 2403 462 2492 digerere,
483 2416 518 2471 et
536 2428 608 2470 non
627 2408 741 2472 solum
760 2409 847 2490 quid
867 2417 1126 2494 argumentum,
1154 2411 1214 2472 sed
1236 2405 1339 2472 etiam
1359 2427 1436 2489 quae
1456 2407 1570 2471 forma
1589 2407 1716 2474 libro-¹

289 2530 367 2573 rum
388 2514 646 2594 deperditorum
665 2512 785 2596 fuerit,
806 2515 1029 2600 constituere,
1048 2517 1144 2577 haud
1165 2514 1271 2578 dubie
1291 2511 1539 2578 difficillimum
1553 2519 1612 2577 est.
1632 2512 1701 2576 Ac-

289 2616 417 2678 cedunt
442 2617 746 2684 commentationes
772 2622 816 2683 de
841 2623 949 2682 Codd.
978 2628 1012 2679 et
1034 2637 1191 2681 sermone
1201 2617 1352 2692 Salustii,
1371 2617 1597 2700 iudicumque
1618 2637 1700 2680 con·

289 2718 421 2804 sectio,
441 2723 510 2784 alia
534 2733 713 2808 praeterea,
744 2741 820 2805 quae
847 2721 887 2784 in
908 2721 1180 2807 digressionibus
1200 2721 1391 2789 accuratius
1411 2741 1467 2786 me
1487 2722 1701 2786 examinatu-

289 2843 368 2886 rum
388 2845 460 2889 esse
480 2828 657 2909 pollicitus
676 2849 762 2896 sum.
781 2877 786 2884 .
803 2830 1035 2912 Quamobrem
1051 2829 1168 2912 timeo,
1191 2847 1235 2890 ne
1252 2826 1354 2890 multi
1366 2814 1573 2910 vituperent,
1593 2829 1699 2910 quod,
1770 2845 1779 2852 “

290 2947 369 2990 cum
389 2931 461 2992 haec
482 2931 616 3011 reliqua
635 2933 720 3015 sint,
752 2933 990 2996 commentarii
1010 2932 1084 3009 jam
1110 2933 1150 2995 in
1169 2939 1299 2996 tantam
1319 2932 1449 2995 molem
1469 2933 1698 3016 excreverint,

220 3115 225 3124 Ι
290 3053 423 3116 meque,
443 3034 505 3114 qui
524 3035 673 3100 aliorum
690 3037 924 3121 importunam
935 3037 1177 3118 loquacitatem
1193 3037 1484 3120 reprehenderim,
1504 3036 1543 3097 iu
1558 3045 1698 3101 auctore
1761 3059 1764 3066 ·

289 3136 492 3200 brevissimo
519 3140 752 3203 verbosiorem
780 3139 884 3205 fuisse
912 3140 1124 3204 insimulent.
1172 3141 1238 3203 Sed
1260 3161 1338 3204 cum
1357 3139 1480 3222 saepius
1499 3159 1520 3202 a
1539 3141 1698 3223 priorum

288 3243 463 3308 editorum
484 3244 684 3308 auctoritate
703 3227 920 3333 recesserim,
945 3245 1056 3309 facere
1077 3265 1149 3307 non
1169 3245 1288 3330 potui,
1315 3243 1410 3328 quin,
1431 3265 1507 3328 quae
1526 3245 1600 3329 ipse
1619 3266 1698 3309 sen·

290 3347 408 3432 tirem,
443 3349 633 3412 accuratius
662 3369 876 3433 exponerem.
947 3355 1065 3431 Neque
1093 3350 1425 3433 praetermittendum
1446 3368 1516 3412 esse
1537 3350 1638 3434 duxi,
1667 3349 1697 3414 si

290 3450 399 3534 ipsius
427 3453 594 3517 orationis
623 3453 851 3518 conformatio
884 3456 955 3518 sive
980 3456 1172 3539 proprietas
1204 3454 1388 3536 sermonis,
1423 3475 1527 3535 quam
1561 3453 1697 3540 dicunt,

290 3575 362 3619 non
382 3557 463 3620 satis
485 3558 655 3622 illustrata
675 3560 764 3622 mihi
785 3580 855 3624 esse
875 3561 1066 3624 ridebatur.
1117 3563 1204 3623 Cum
1235 3558 1330 3623 enim
1350 3558 1455 3643 longe
1474 3559 1617 3642 plurimi
1637 3569 1697 3622 aut

290 3659 329 3721 in
349 3663 555 3745 scriptorum
575 3665 731 3729 sensibus
752 3675 855 3747 atque
876 3665 1054 3731 sententiis
1075 3663 1286 3747 explicandis
1306 3664 1378 3726 sint
1389 3663 1564 3747 occupati,
1583 3670 1641 3725 aut
1652 3665 1697 3727 de
1794 3691 1798 3700 ²

290 3765 465 3850 scripturae
496 3768 734 3852 discrepantiis
763 3769 978 3856 ingeniosius
1004 3770 1194 3852 disputent,
1223 3769 1333 3850 ipsam
1361 3767 1529 3830 orationis
1549 3766 1696 3832 formam

197 3882 228 3912 “-
290 3889 363 3933 non
388 3872 469 3934 satis
499 3872 693 3937 examinare
716 3875 805 3936 mihi
832 3874 1004 3938 ridentur.
1053 3875 1120 3935 Sed
1140 3871 1336 3956 interpretis
1356 3879 1404 3934 est
1425 3870 1605 3958 explicare,
1625 3893 1696 3937 non

290 3976 404 4040 solum
426 3978 511 4058 quid
531 3979 662 4042 dictum
683 3979 745 4064 sit,
771 3983 830 4044 sed
852 3979 956 4043 etiam
977 3981 1177 4060 quomodo?
1216 3982 1301 4040 Nam
1323 3996 1399 4058 ques
1419 3973 1582 4060 cujusque
1602 3977 1698 4043 vocis

290 4081 430 4164 propria
450 4082 502 4144 vis
522 4082 567 4144 sit
587 4084 797 4168 examinare,
824 4085 987 4167 variaque
1008 4083 1224 4147 locutionum
1244 4103 1370 4169 genera
1390 4083 1481 4146 inter
1501 4104 1536 4147 se
1557 4101 1696 4166 compa-

290 4201 377 4257 rare,
398 4196 431 4248 et
452 4207 608 4268 quanam
627 4189 752 4272 cuique
770 4189 822 4255 rei
842 4192 887 4256 sit
906 4189 1091 4280 aptissima,
1106 4188 1274 4268 judicare,
1292 4189 1331 4252 id
1341 4192 1480 4252 demum
1491 4188 1696 4273 scriptorum

309 4361 342 4446 *)
360 4366 414 4426 eir.
431 4347 631 4431 Commentai.
659 4369 696 4432 de
719 4369 818 4432 codd.
831 4375 939 4440 Salust.
959 4376 992 4436 in
1010 4369 1202 4434 bibliothecis
1220 4371 1331 4436 Italicis
1352 4369 1549 4458 asenaria-p.
1564 4367 1612 4438 64·
1629 4385 1694 4448 “1¹1-
