4108 4976
171 363 263 428 ·‘
398 377 471 454 soe

398 581 486 646 rent.
497 571 642 660 Adelph.
660 593 687 637 ι.
701 589 731 636 ι.
751 570 811 636 fin.
831 567 929 636 Eece
947 569 1073 634 autern
1093 565 1136 634 ele
1155 560 1311 658 integro.
1331 560 1434 650 Nisi,
1455 561 1632 651 quicquid
1649 571 1714 654 est,
1744 583 1807 638 ⁹0⁴

400 687 437 750 lo
458 680 564 747 seire.
582 715 624 734 -
645 673 831 761 improbus
851 667 1147 756 intestabilisque.
1174 671 1317 762 entique
1327 671 1446 760 legum
1462 671 1622 738 formula.
1642 672 1705 738 eir.
1724 675 1803 744 Aul.

400 789 490 852 Gell.
506 790 534 849 6.
549 807 579 868 7.
599 786 646 850 id.
662 785 710 846 ι6.
727 785 774 844 rs.
801 778 861 843 cir.
882 779 962 865 Dig.
975 779 1029 863 ιθ,
1046 800 1074 841 ι.
1088 781 1139 844 26.
1166 799 1273 854 «essm
1295 778 1374 864 lege
1401 778 1480 862 quir
1502 777 1707 844 intestabilis
1731 797 1804 846 ene

394 894 550 977 jubetur,
576 909 618 956 eo
639 886 806 974 pertinet,
825 904 869 950 ne
890 884 963 964 ejus
980 881 1218 950 testimonium
1236 883 1438 970 recipiamr3
1466 891 1500 950 et
1519 903 1563 950 ec
1579 883 1744 969 amplisu,
1762 878 1828 973 ins

275 1013 277 1018 ’
399 1000 541 1082 quidam
570 1002 709 1081 putant,
735 1010 821 1056 uere
843 990 911 1076 ipsi
936 989 1071 1054 dicetur
1095 988 1361 1054 testimonium-²
1390 991 1510 1054 Horat.
1527 992 1635 1056 Serm.
1648 1013 1675 1056 r.
1689 1005 1719 1059 s.
1734 969 1800 1054 rio.

399 1101 430 1167 is
450 1096 670 1166 intestabilis
689 1105 726 1161 et
744 1095 850 1161 sacer
870 1102 958 1159 esta.
976 1093 1058 1159 vide
1074 1095 1207 1180 Frsgm.
1226 1093 1391 1160 Hist..0r.
1406 1095 1541 1180 Lepidi.

475 1211 555 1292 Gap.
576 1205 725 1272 LXVIII.
752 1197 854 1264 abiit.
873 1199 970 1264 Eich.
1005 1200 1125 1263 ultum
1145 1197 1209 1265 ire.
1228 1199 1423 1264 infinitivus
1445 1200 1544 1266 verbi
1569 1221 1611 1266 ea
1639 1221 1717 1266 cum
1743 1219 1801 1268 su·

398 1313 491 1397 pinis
507 1313 647 1392 junctus
664 1308 757 1391 apud
775 1303 1055 1386 antiquissimum
1080 1324 1252 1391 quemque
1271 1295 1472 1391 scriptorem
1496 1304 1799 1388 frequentissimus.

398 1421 481 1481 cato
500 1437 553 1500 ep.
576 1417 661 1478 Fest.
681 1431 708 1476 s.
723 1431 755 1474 r.
780 1403 899 1494 parsi.
920 1411 1020 1490 quod
1037 1415 1081 1470 ut
1092 1406 1326 1492 prohibitum
1347 1407 1453 1495 irem}
1483 1431 1563 1477 meo
1584 1408 1708 1496 labori
1724 1433 1800 1478 nan

395 1516 510 1604 parsi.
537 1518 617 1583 vide
632 1517 813 1581 innumera
833 1516 911 1578 locs
925 1515 1017 1597 apud
1037 1513 1198 1578 Plautum
1218 1522 1252 1578 et
1271 1515 1481 1580 Terentium.
1503 1513 1630 1603 etjam
1642 1517 1801 1582 abnuen-

399 1623 457 1689 tis.
469 1622 555 1715 jam
576 1622 751 1690 om.Eich.
773 1621 908 1686 edocet.
929 1620 1015 1686 Min.
1029 1635 1058 1686 s.
1078 1622 1173 1701 quod
1187 1620 1411 1704 spudsslust.
1432 1630 1483 1686 est
1495 1621 1660 1686 usitatius.
1682 1641 1800 1703 nequa

397 1727 521 1794 animo
537 1723 655 1819 serre.
683 1726 778 1790 Eich.
802 1722 983 1788 manifeste
1002 1723 1133 1810 glossa..
1145 1722 1283 1790 uectis.
1305 1727 1396 1792 Med.
1408 1727 1439 1800 ll⁴
1460 1728 1544 1792 tate.
1564 1747 1605 1791 ex
1622 1727 1711 1788 ltell.
1731 1725 1801 1790 soli

399 1837 474 1900 Vct.
489 1819 673 1901 uetitum.
687 1834 773 1897 tm.
790 1853 842 1916 pr.
852 1852 894 1898 re
906 1851 953 1900 m.
969 1850 1035 1899 sec.
1043 1831 1289 1917 superscripsit.
1302 1827 1342 1897 in
1352 1828 1487 1917 prima.
1497 1831 1557 1896 etr.
1567 1833 1638 1894 Gct.
1650 1833 1702 1894 6ο.
1711 1833 1800 1896 Gro-

396 1959 474 2006 nov.
492 1943 537 2005 ed
559 1939 634 2004 Lir.
651 1959 704 2024 ro,
726 1955 777 2016 ιι.
792 1947 826 2004 et
844 1941 888 2002 ed
903 1939 1018 2002 lustin
1034 1959 1081 2002 rr.
1099 1959 1130 2018 7.
1151 1945 1187 2002 et
1201 1934 1326 2027 signa.
1345 1944 1386 2010 et¹
1398 1938 1467 2006 del.
1485 1939 1570 2008 Ven.
1587 1953 1617 2000 s.

290 2127 296 2140 ι
474 2049 555 2132 Cep.
573 2046 700 2110 antc
723 2039 886 2135 animum
906 2042 1106 2108 advortere.
1132 2042 1244 2106 anim.
1263 2061 1332 2108 om.
1349 2041 1445 2107 Eich.
1465 2038 1525 2107 nti
1544 2049 1706 2106 reserat.
1725 2045 1797 2110 Vct.
1818 2104 1823 2116 .

398 2153 426 2218 6.
448 2155 508 2217 sed
523 2171 582 2217 res
601 2149 727 2216 rectius
739 2151 831 2213 Med.
844 2151 872 2212 6.
892 2150 977 2215 Ven.
988 2165 1022 2210 ι.
1032 2145 1206 2211 omittunt.
1217 2142 1516 2214 Metellum-ati.
1535 2149 1608 2214 Vct.
1620 2162 1651 2223 4.
1671 2145 1799 2232 firmet,

396 2259 490 2340 quod
501 2256 671 2339 sequitur:
690 2253 922 2345 Juguretam
934 2247 1307 2318 arbitrati-turris.
1326 2252 1376 2318 its
1384 2254 1475 2318 Flor.
1491 2275 1519 2318 ι.
1536 2273 1583 2318 m.
1590 2274 1641 2339 pr.
1655 2274 1800 2338 poenas

386 2357 472 2453 suit
492 2362 698 2426 insolentius
716 2362 863 2440 dictum3
882 2361 944 2426 sed
961 2357 1119 2423 mollitur
1138 2364 1316 2425 structure
1336 2359 1514 2446 asperitas,
1533 2363 1628 2442 quod
1635 2360 1800 2443 praedae

395 2474 445 2530 est
460 2467 663 2551 appositum.
691 2487 778 2532 narn
806 2462 838 2530 is
866 2461 952 2530 civis
977 2485 1023 2530 erc
1043 2460 1156 2530 Latio
1178 2471 1271 2532 erat.
1300 2466 1380 2534 Len
1392 2461 1542 2548 Porcia,
1563 2485 1667 2550 qum
1678 2467 1798 2532 Gioero

396 2570 479 2633 dicit
511 2573 553 2634 ab
575 2572 732 2636 omnium
762 2570 889 2636 civium
910 2572 1148 2636 Romanorum
1169 2570 1273 2658 tergis
1291 2569 1405 2658 virgas
1419 2571 1588 2638 amovisse
1617 2572 1714 2658 (vide
1728 2574 1807 2635 Cet.-

395 2695 467 2762 csp.
482 2676 545 2759 51.)
565 2693 638 2740 uon
657 2677 771 2739 solum
793 2681 838 2739 ad
856 2676 1005 2762 judicis,
1025 2697 1102 2759 quse
1119 2676 1217 2740 domi
1236 2675 1381 2760 fiebunt,
1400 2680 1462 2744 sed
1479 2678 1637 2744 etismcd
1649 2684 1795 2752 cestren·

393 2781 445 2846 sie
464 2779 670 2865 pertinuisse
691 2781 837 2846 ridetur.
856 2785 917 2846 sed
937 2785 1002 2846 hcc
1021 2782 1099 2868 Iege
1111 2780 1195 2846 solis
1213 2782 1367 2864 antiquit
1386 2781 1519 2846 civibus
1536 2781 1704 2848 Romanis
1716 2801 1798 2846 ceu·

396 2895 471 2951 tum
490 2885 595 2952 luisse
612 2887 764 2972 vitietur,
784 2887 914 2972 quippe
927 2886 989 2970 qui
1006 2887 1157 2952 meliore
1167 2886 1247 2966 jure
1261 2895 1383 2973 essent,
1402 2907 1505 2970 quem
1526 2888 1652 2970 quihus
1665 2888 1724 2968 jus
1733 2891 1798 2954 Ls·

394 2993 438 3062 tii
464 3002 546 3060 eret.
575 2991 634 3058 cir.
657 2993 730 3057 Liv.
757 2996 801 3060 de
817 2996 859 3060 II.
874 2993 951 3057 Mil.
963 2995 993 3056 5.
1008 2994 1057 3054 rll.
1086 2997 1246 3058 Ceterum
1265 2993 1461 3080 Turpilium
1489 2995 1632 3058 Metello
1652 3003 1824 3099 paterno!

391 3097 545 3179 hospitio
562 3099 718 3178 iunctum
742 3109 776 3168 et
802 3099 1000 3186 prefectum
1027 3098 1165 3164 februm
1192 3099 1297 3164 fuisse
1315 3100 1517 3165 Plutarchus
1544 3109 1732 3166 auctorest
1755 3104 1795 3167 V.

310 3227 313 3235 ·
393 3201 498 3264 Marii
512 3223 541 3268 c.
555 3205 586 3267 8.
618 3206 754 3288 Crimen
780 3205 990 3291 proditionis
1014 3224 1143 3269 renum
1168 3202 1274 3270 luisse
1301 3205 1395 3270 idem
1416 3205 1531 3270 trudit.
1561 3209 1622 3271 sed
1637 3205 1796 3292 Marium,

393 3327 471 3372 eum
494 3309 744 3374 severissimum
768 3331 841 3378 sese
862 3309 1049 3396 prebuerit
1075 3309 1245 3394 judicem,
1263 3311 1444 3378 Metellum
1463 3309 1656 3397 impulisse,
1683 3319 1723 3375 ut
1737 3312 1796 3376 'ul-

391 3411 515 3472 timum
534 3413 743 3496 supplicium
763 3419 806 3480 de
827 3417 892 3479 illo
910 3425 1068 3481 sumeret.

448 3514 529 3594 Cep.
547 3515 645 3576 LXX.
654 3514 859 3596 suspiciens.
874 3517 898 3580 i.
909 3539 937 3582 e.
947 3529 1138 3601 suspectum
1147 3523 1289 3604 hebens,
1300 3523 1388 3586 alibi
1399 3543 1470 3588 uon
1481 3523 1638 3588 occurrit.
1659 3521 1795 3589 redire—

390 3617 627 3702 quentstivum
640 3625 854 3699 suspectans
868 3621 1102 3701 sp.Tec.Aun.
1114 3620 1471 3712 12.65.Agrtpptnam
1483 3625 1600 3718 magis
1607 3626 1795 3717 magisque

390 3733 664 3808 suspectans-
676 3719 819 3812 magnis
828 3720 971 3810 opibus,
992 3727 1147 3790 clarum.
1167 3725 1217 3790 its
1225 3727 1557 3819 interpungendum,
1577 3737 1637 3798 scd
1651 3736 1794 3798 clarum

392 3827 625 3910 retinendum
646 3830 684 3894 id
705 3832 799 3913 quod
819 3831 1031 3896 omneslibri
1052 3841 1199 3898 tuentur.
1220 3851 1358 3919 carum,
1380 3841 1475 3920 quod
1485 3838 1795 3922 conterremur,

392 3931 549 3997 usitatius
574 3937 715 4016 quidem
733 3946 796 4018 est3
816 3941 877 4002 sed
899 3957 972 4002 non
989 3938 1147 4025 'vulgaris
1163 3941 1333 4008 sermonis
1355 3961 1478 4006 norme
1499 3945 1683 4031 dirigenda
1695 3944 1795 4007 Sclu-

389 4039 500 4104 stiane
528 4039 649 4103 oratio.
677 4043 755 4124 peri
780 4046 885 4108 modo
909 4041 1001 4106 inira
1029 4063 1172 4128 csp.71.
1191 4047 1297 4132 fidus
1324 4055 1566 4132 acceptusque
1590 4048 1794 4134 junguntur.

390 4131 593 4234 majoribus
621 4139 813 4210 adstricto.
841 4147 865 4210 i.
891 4165 921 4214 e.
947 4149 1111 4236 negotiis,
1141 4151 1255 4230 rehus3
1296 4151 1488 4217 adstricto.
1525 4155 1574 4217 itu
1601 4157 1695 4240 apud
1724 4153 1793 4217 cie.

387 4245 531 4316 astriet.
553 4249 767 4336 necessitate,
786 4255 960 4341 mercede,
980 4255 1112 4336 dolore,
1131 4255 1383 4345 voluptatibus,
1401 4257 1478 4346 lege
1491 4259 1629 4328 dicitur.
1644 4278 1793 4344 supera-
