4108 4976
1617 365 1690 459 aaa

284 565 400 632 verbis·
415 565 620 649 junguntur.
647 562 707 624 scd
726 557 911 640 aliquoties
931 557 1028 621 inter
1041 569 1114 620 sese
1134 557 1397 620 commutantur.
1425 554 1492 620 hoc
1511 555 1619 642 igitur
1638 558 1694 636 lo»
1816 629 1820 636 ,

286 691 327 735 co
347 672 396 734 ita
416 669 564 733 scribere
583 666 700 732 licuit:
733 687 805 730 neu
817 671 977 748 propter
996 665 1157 751 legatum
1178 681 1255 724 rem
1275 681 1500 724 communem
1520 657 1691 732 licentius
1712 675 1716 688 '
1776 719 1781 732 ,

283 797 410 866 gerere
422 768 707 858 pertimesceret.
740 773 801 836 sed·
819 789 883 855 pro
904 767 1078 832 infinitivo
1099 785 1197 851 pron.
1225 765 1407 828 relativum
1434 767 1565 850 posuit,
1597 771 1692 849 quod

283 879 466 943 insolitum
484 897 556 942 esse
575 897 631 942 me
650 876 792 958 quidem
814 895 886 938 non
906 873 1013 958 fugit,
1050 874 1109 936 sed
1130 870 1167 933 iu
1187 869 1335 933 Salus-tio
1355 869 1439 934 talia
1458 871 1599 937 ferenda
1620 893 1697 940 esse

227 1020 233 1029 =
256 1043 257 1046 ,
278 984 410 1064 judico.
450 984 615 1047 Animum·
642 982 739 1046 enim·
761 981 860 1045 addit
884 980 1056 1043 librorum
1084 977 1217 1040 calamo
1249 983 1463 1039 exaratorum
1485 980 1698 1062 constantia,.

284 1088 414 1174 qnippe
441 1089 503 1171 qui
529 1108 576 1152 ne
594 1087 768 1150 tantillum
788 1085 930 1168 quidem
951 1085 1018 1148 hoc
1037 1083 1076 1145 in
1096 1083 1179 1146 loco
1192 1080 1337 1144 variant.
1358 1081 1448 1144 nihil
1468 1091 1560 1146 certe
1579 1083 1621 1146 in·
1635 1085 1691 1147 his

283 1193 398 1258 verbis
418 1189 630 1257 difficultatis
649 1191 793 1274 inesset,
813 1192 843 1254 si
862 1209 1037 1274 proquo,
1064 1209 1110 1251 ne
1130 1187 1292 1271 scriptum
1315 1197 1411 1252 esset.
1440 1207 1486 1250 ne
1505 1193 1539 1251 et
1560 1196 1603 1251 ut
1620 1187 1696 1273 igi·
1782 1183 1787 1194 '

284 1307 341 1362 tur
361 1299 452 1364 inter
471 1319 507 1362 se
527 1293 735 1363 commutata
754 1306 854 1380 puta;
877 1316 949 1378 quo
970 1293 1065 1360 enim
1086 1312 1163 1378 pro:
1185 1299 1229 1355 ut
1250 1314 1291 1358 eo
1312 1292 1472 1377 positum.
1494 1290 1690 1375 comperio.

217 1479 218 1484 ἵ
283 1407 374 1469 Flor.
387 1411 417 1468 3.
435 1406 481 1468 1⁵.
496 1408 545 1469 2³.
566 1406 626 1469 sed
647 1397 853 1486 comperior
862 1400 1018 1466 salustio.
1030 1396 1197 1462 usitatius
1219 1419 1343 1462 cavere
1363 1397 1465 1459 multi
1482 1396 1567 1458 libri
1589 1405 1696 1462 tuem·

283 1518 357 1596 tur,
384 1529 542 1595 pronum.
564 1517 603 1573 ut
623 1507 747 1595 sepius
767 1507 942 1576 omissum.
972 1502 1182 1572 attenuisse.
1202 1506 1288 1572 Ven.
1305 1527 1332 1568 a.
1346 1520 1377 1580 4.
1396 1507 1492 1588 quod
1512 1503 1696 1590 antiquius

192 1679 194 1684 ,
282 1615 412 1678 dietum
430 1623 527 1700 puto.
1520 1633 1521 1636 ’
1561 1691 1564 1696 ¹

363 1723 442 1805 Gap.
464 1721 547 1784 CIX.
574 1717 706 1809 Igitur
722 1723 837 1785 Sulla.
862 1719 1028 1782 hocloco
1050 1735 1169 1782 omnes
1188 1717 1260 1782 iere
1282 1715 1365 1779 libri
1384 1719 1528 1781 verbum
1549 1719 1692 1783 dicendi

281 1825 463 1909 omittunt,
482 1826 576 1888 unde
595 1831 704 1908 patet,
724 1826 818 1904 qnod
831 1843 933 1907 supra
947 1821 1148 1908 significavi,
1167 1823 1230 1885 sub
1248 1822 1353 1885 finem
1365 1822 1469 1899 hujus
1481 1821 1579 1906 libri,
1598 1824 1699 1886 mul--

280 1937 317 1992 to
337 1928 534 2014 religiosius
552 1929 590 1990 in
612 1929 786 1990 mutandis
806 1937 840 1992 ct
859 1927 1121 2010 interponendis
1138 1926 1287 1990 vocibus·
1300 1925 1464 1992 librarios
1484 1927 1611 2012 egisse.
1625 1931 1696 1994 Ge

281 2044 392 2099 terum
414 2033 644 2098 accusativum
663 2053 743 2096 cum
764 2031 827 2095 inf.
847 2031 970 2116 saepius
981 2031 1083 2116 poni,
1104 2032 1203 2095 nullo
1223 2031 1329 2096 verbo
1350 2033 1576 2116 praecedente,
1596 2036 1693 2096 unde

279 2149 434 2225 regatur,
461 2149 500 2204 ut
528 2138 806 2204 enunciationem
827 2137 979 2218 aliquam
999 2139 1044 2200 ab
1063 2136 1182 2219 aliquo
1204 2136 1331 2202 dictam
1349 2139 1405 2202 vel
1420 2137 1603 2224 cogitatam
1617 2157 1696 2204 esse·

279 2244 509 2330 significetur,
534 2245 706 2310 neminem
733 2241 832 2328 fugit.
859 2242 1045 2308 irinumera
1072 2245 1228 2328 exempla
1254 2249 1347 2330 apud
1367 2263 1487 2328 omnes
1505 2243 1695 2328 scriptores.

277 2350 406 2434 passim
426 2359 620 2414 occurrunt.
640 2351 783 2414 occulte
802 2349 918 2414 nullo.
943 2352 1027 2434 (out
1046 2349 1194 2434 omisso)
1210 2350 1305 2414 lliob.
1323 2354 1424 2414 Taur.
1455 2350 1594 2425 bellum·
1608 2345 1694 2440 agi--

189 2507 193 2516 .
280 2461 430 2518 taturus
441 2450 560 2543 soret.
582 2453 642 2518 cfr.
664 2457 734 2518 Cat.
750 2473 779 2516 a.
798 2456 877 2542 lug.
893 2471 940 2531 14.
957 2477 1006 2536 ²9·
1028 2458 1124 2520 etth.
1150 2455 1214 2517 ubi
1235 2451 1362 2540 vitam,
1376 2475 1532 2539 μεσπι,
1545 2474 1695 2539 moror,.

279 2554 447 2623 inducias
468 2558 616 2648 agitare
635 2561 773 2625 dicitur.
794 2560 856 2648 cir,
884 2563 1033 2630 Gronor.
1061 2561 1202 2624 Observ.
1223 2562 1268 2622 Il.
1290 2564 1320 2624 ³.
1342 2567 1580 2645 praeceptum
1597 2555 1692 2650 sucu
1795 2561 1801 2570 “

279 2672 352 2726 rat.
370 2664 515 2729 verbum
538 2667 643 2740 subst.
672 2685 790 2731 omnes
811 2669 920 2730 (lodd.
941 2666 1031 2728 Itall.
1050 2665 1272 2740 confirmant,
1303 2667 1364 2730 sed
1384 2668 1492 2749 paulo
1508 2675 1585 2750 post
1604 2687 1694 2751 prom

278 2788 407 2833 nomen
435 2791 515 2833 eum
539 2769 577 2831 in
606 2773 768 2835 omnibus
788 2771 860 2835 fere
880 2771 981 2832 libris
1002 2769 1167 2831 omissum
1188 2779 1248 2833 est.
1261 2773 1453 2850 processit.
1483 2772 1562 2835 uide
1582 2791 1691 2855 supra>

278 2893 352 2956 cap.
368 2891 417 2936 21.
436 2881 590 2938 sanctus
609 2873 664 2938 vir
684 2884 720 2939 et
739 2871 984 2938 eae·aerrtentia
1005 2872 1188 2936 ambobus.
1208 2873 1246 2934 in
1265 2873 1320 2936 his
1339 2874 1455 2937 verbis
1474 2875 1577 2938 etiam
1595 2877 1686 2938 ltall.
1788 2903 1791 2911 ·

277 2975 362 3040 libri
381 2979 477 3042 varie
497 2978 714 3042 dissentiunt.
735 2981 794 3041 sed
814 2977 905 3040 nihil
926 2977 965 3040 in
987 2984 1083 3038 tanta
1100 2977 1271 3040 librorum
1299 2979 1529 3064 discrepantia
1548 2979 1689 3044 invoni-

277 3089 350 3167 tur,
383 3086 477 3164 quod
497 3083 535 3144 in
555 3083 675 3160 ceteris
695 3082 796 3146 libris
815 3102 887 3144 non
908 3089 1090 3162 occurrat,-
1112 3083 1234 3143 autad
1254 3085 1418 3146 mutanda
1436 3086 1541 3148 rerba
1560 3087 1689 3150 valeat.
1779 3073 1807 3082 '¹

277 3188 349 3250 soli·
365 3188 461 3250 Eich.
484 3195 521 3250 et·
537 3189 639 3249 Tauri
660 3206 736 3250 non
752 3189 864 3252 sol-um
883 3187 975 3250 nihil
996 3186 1221 3268 addiderunt,
1250 3189 1310 3250 scd
1330 3186 1435 3250 stiam
1454 3191 1560 3253 verba
1578 3211 1687 3254 sanc-

278 3299 345 3355 tus·
358 3300 394 3356 et
414 3295 609 3356 omiserunt.
634 3313 679 3355 ex
696 3289 886 3371 sententia·
898 3292 1018 3377 priscas
1039 3290 1206 3354 orationis
1226 3291 1389 3358 formula.
1408 3293 1575 3359 oir.Gell.
1590 3313 1619 3374 4.
1634 3313 1684 3364 aot

359 3399 438 3478 Cap.
460 3395 526 3462 cx.
547 3416 735 3478 nunquam
758 3418 823 3486 ego
845 3407 952 3460 ratus
962 3393 1065 3486 sore.
1085 3400 1169 3463 Ven.
1181 3402 1211 3461 δι
1232 3401 1469 3465 suaseonis
1489 3402 1593 3468 etiam
1605 3423 1688 3468 ver·

275 3503 342 3564 ba:-
365 3495 426 3563 uti
452 3521 520 3564 rea·
546 3501 645 3564 delet.
673 3505 748 3583 quae
770 3502 890 3584 lectio,
918 3506 1047 3587 eredo,.
1065 3503 1244 3586 brevitatis
1270 3504 1486 3570 amatoribus
1507 3509 1684 3572 arridebit.

276 3607 403 3669 Contra
421 3608 507 3673 Ven.
524 3623 553 3666 a.
573 3615 651 3690 post
678 3607 858 3690 omnium,
887 3603 1183 3692 opulentissimus
1210 3610 1411 3695 interponit.
1455 3615 1508 3676 Et
1527 3635 1583 3676 nee
1601 3614 1685 3676 her-

277 3712 367 3774 cule.
395 3712 498 3776 multi
524 3711 609 3776 libri
634 3735 708 3797 me,
738 3712 840 3796 pauci
866 3714 969 3776 etiam
997 3722 1033 3776 et
1061 3714 1235 3778 omittunt.
1258 3715 1309 3779 ita
1327 3721 1399 3781 Vat.
1413 3733 1441 3777 a.
1456 3719 1486 3778 ³.
1501 3733 1530 3791 4.
1551 3718 1636 3781 Ven.
1650 3723 1683 3782 ³.

276 3816 339 3898 qui
360 3825 541 3902 neque-et,
575 3837 693 3899 neque·
709 3839 764 3881 me
784 3819 922 3886 habeat.
954 3837 1060 3899 quare
1088 3840 1149 3882 me·
1164 3820 1306 3900 quidam
1327 3829 1420 3884 recte
1437 3819 1590 3908 ejicitur,
1621 3829 1685 3890 sed

276 3927 313 3984 et
331 3920 550 3985 retinendum
571 3943 642 3987 esse
661 3923 807 3986 videtum
836 3933 916 3986 suns
941 3922 1119 4008 etiarn5in
1146 3912 1274 4020 quibus
1293 3925 1412 3988 hercle
1431 3925 1597 4013 scriptum
1620 3931 1689 3999 estis

275 4023 414 4090 nullius
434 4025 596 4114 indigus.-
616 4031 708 4091 banc
726 4013 1039 4112 praestantissimina
1067 4033 1173 4096 Codd.
1205 4028 1305 4092 Basil.
1322 4051 1348 4091 ι.
1371 4039 1404 4093 et
1424 4033 1521 4096 Bern.
1534 4049 1563 4108 4„
1584 4035 1683 4098 lecti-

276 4150 396 4215 onem,
426 4132 636 4195 confirmant
656 4133 780 4216 optimi
807 4133 892 4196 libri
915 4136 989 4199 Vnt.
1003 4155 1033 4196 a.
1059 4137 1157 4201 Barb.
1173 4135 1201 4200 ⁵.
1223 4134 1342 4210 sedin
1362 4138 1588 4216 sequentibus.
1603 4141 1681 4206 vat
1730 4135 1737 4144 “

275 4256 305 4304 a.
326 4233 797 4328 postoliquundoffletium
809 4239 1010 4326 interponit,
1030 4235 1235 4328 aliiprecio,
1254 4241 1318 4306 alii
1324 4239 1612 4326 pretii-quod
1608 4240 1690 4338 sua
