4106 4974
394 381 468 473 ato

395 568 525 641 amicis
546 572 794 658 scriptumest,
827 562 1051 630 librariorum
1073 579 1188 628 errore
1196 560 1323 626 iactum
1335 575 1406 626 esse
1417 559 1573 640 videtur,
1585 561 1648 648 qui
1661 577 1803 656 propter

397 673 803 760 autecedeusinprimam
811 671 981 764 syllabam
990 667 1262 751 sequeutisvocis
1271 666 1569 754 omiseruntetpro
1577 666 1804 760 imicis‚smi·

390 781 455 850 cis
463 784 690 851 emendarunt
700 779 847 862 multa,
858 777 952 858 quod
961 772 1201 858 Cortdelevit,
1215 771 1732 852 omueslibriserrant‚'etnihil
1743 784 1803 847 ha·

400 889 515 974 beqiu
534 905 604 972 quo
624 879 789 951 offendas.
795 877 919 972 sama,
926 879 1008 967 fide
1020 897 1098 944 cum
1108 877 1145 942 iu
1156 877 1297 964 optimis
1305 879 1414 941 Godd.
1433 877 1494 962 sit,
1513 897 1596 943 sera
1616 878 1720 949 lectio
1739 885 1804 950 hs-

398 997 514 1060 beuda
532 999 592 1058 eat.
611 997 703 1054 recte
720 987 857 1051 Gortius
877 984 1032 1050 ciceron.
1056 1003 1121 1069 pro
1140 983 1247 1047 Balbo
1264 969 1341 1066 cap.
1357 983 1389 1050 8.
1408 983 1584 1050 laudavit:
1605 1007 1688 1052 cum
1704 1011 1804 1082 mug-

399 1120 450 1164 ssa
467 1118 559 1184 pars
578 1092 618 1162 iss
638 1091 684 1159 iis
704 1085 912 1160 civitatibus
921 1083 1089 1179 foederis
1107 1085 1169 1153 sus'
1187 1084 1394 1153 libertatem
1422 1084 1570 1156 ciss'tats
1588 1089 1803 1186 anteferret.

397 1225 479 1269 cum
499 1201 594 1268 euim
614 1198 732 1264 multis
753 1195 838 1288 locis
859 1197 905 1260 ad
922 1195 1098 1276 liquidum
1117 1191 1262 1279 perduci
1281 1213 1353 1258 nou
1373 1193 1500 1278 possit,
1522 1197 1641 1261 tertius
1662 1217 1707 1261 an
1731 1219 1804 1266 scs-

400 1318 457 1380 tus
476 1327 572 1374 casus
591 1304 675 1370 huic
696 1302 802 1368 verbo
819 1299 1004 1386 jungatur,
1027 1307 1099 1363 tum
1130 1299 1204 1364 haec
1242 1305 1410 1362 structura
1435 1317 1477 1378 eo
1509 1298 1650 1366 defendi
1669 1312 1803 1391 potest,

333 1397 337 1406 ’
399 1414 497 1498 quod
516 1432 559 1476 ex
580 1411 699 1474 Gsaeco
728 1399 794 1504 xpc*
817 1401 933 1478 siries
959 1399 1111 1478 mantele
1135 1402 1180 1481 7¹.
1210 1399 1277 1500 sepi
1294 1399 1409 1477 sirim
1425 1401 1560 1475 taicum
1589 1407 1617 1480 ‘is
1648 1427 1805 1496 expressa

395 1536 470 1584 esse
498 1515 646 1582 ridetur.
676 1512 962 1579 Mauretuneam
982 1527 1059 1590 quse
1078 1507 1191 1572 forma
1203 1506 1242 1572 iu
1255 1512 1328 1574 Bas.
1346 1530 1374 1571 ι.
1390 1517 1449 1574 est.
1471 1511 1650 1594 antiquior
1663 1532 1733 1581 esse
1750 1514 1804 1580 si.

395 1625 508 1688 detur.
530 1615 696 1700 virisque.
716 1635 794 1698 que.
815 1612 854 1677 iu
874 1611 993 1698 paucis
1013 1612 1125 1678 cortii
1144 1611 1245 1678 libris
1263 1614 1428 1680 omissum
1448 1623 1516 1700 est,
1537 1619 1597 1680 sed
1620 1617 1739 1684 nullus
1763 1639 1805 1685 es

394 1724 526 1792 Italicis
543 1721 646 1786 libris
663 1716 856 1802 consentit,
884 1724 919 1781 et
938 1717 1094 1798 quamvis
1114 1717 1238 1804 sapius
1258 1717 1307 1782 ita
1326 1720 1461 1784 locutus
1481 1719 1525 1784 sit
1544 1721 1728 1808 Salustius,
1755 1732 1806 1788 ts·

398 1851 479 1899 meu
507 1848 579 1895 uou
599 1826 730 1908 ubique
749 1820 1009 1902 conjunctiones
1036 1821 1171 1905 omisit;
1198 1832 1239 1888 ut
1257 1823 1367 1910 igitur
1385 1833 1511 1890 certam
1531 1827 1703 1910 quandam
1725 1847 1807 1893 nor·

398 1956 493 2002 mam
513 1952 717 2018 sequamur,
748 1927 933 1994 meliorum
959 1920 1131 1992 librorum
1156 1929 1363 1995 auctoritate
1388 1932 1548 1995 standum
1575 1949 1647 1997 esse
1673 1952 1806 2000 censeo.

401 2042 538 2110 Cortius
556 2040 722 2124 ipsecap.
736 2037 785 2117 ⁵7.
807 2032 1034 2118 comparavit:
1055 2028 1172 2099 armis
1193 2029 1622 2120 virisqueopulentum.-
1633 2032 1737 2101 illum
1750 2041 1807 2106 al-

401 2156 533 2214 terum.
554 2141 618 2210 ille
636 2141 823 2225 aliquoties
842 2139 1023 2208 redundat.
1049 2139 1128 2204 Tac.
1146 2137 1269 2202 Annal-
1296 2154 1344 2216 ι4.
1372 2141 1423 2212 55.
1466 2137 1642 2224 quicquid
1657 2140 1754 2207 illud
1771 2151 1808 2208 et

401 2253 655 2338 qualecunque
674 2241 871 2316 tribuisset.
892 2247 1028 2310 Terent.
1047 2244 1193 2331 Adelph.
1208 2247 1239 2310 3.
1254 2261 1282 2310 a.
1295 2247 1326 2321 ti.
1339 2265 1441 2328 quern
1450 2265 1565 2329 raeque
1569 2245 1685 2332 fides,
1694 2268 1808 2332 neque

393 2354 681 2450 jusjurandum,
700 2373 815 2438 neque
833 2348 938 2416 illum
959 2345 1211 2415 misericordia
1231 2345 1412 2434 repressit.
1432 2351 1518 2415 Eun.
1541 2372 1570 2419 ι.
1585 2353 1617 2422 3.
1647 2353 1676 2415 8.
1703 2351 1807 2417 illuns

403 2465 572 2529 alterum.
592 2466 627 2526 ct
647 2459 721 2530 Cic.
740 2456 779 2522 iu
800 2459 871 2521 Cat.
884 2472 916 2534 4,
938 2455 966 2518 5.
988 2453 1050 2538 qui
1070 2453 1173 2520 locus.
1187 2461 1306 2520 nostro
1326 2453 1594 2520 estsimillimus.
1619 2455 1808 2543 Virg.Aen.

406 2588 456 2632 rr.
473 2566 545 2635 eoa.
565 2561 756 2648 significari
769 2561 983 2625 videturhoc
992 2559 1247 2644 additamento,
1266 2565 1439 2624 auctorem
1459 2560 1551 2624 hauc
1570 2579 1643 2630 reru
1662 2561 1808 2650 legenti·

406 2668 472 2732 bus
492 2673 610 2730 uotam
629 2671 865 2734 essestatuere.
882 2661 1056 2745 possedit.
1076 2681 1148 2728 nou
1168 2667 1407 2730 tautummodo
1438 2672 1639 2752 occupatum
1669 2673 1810 2752 tenere,

405 2775 467 2840 scd
488 2769 592 2836 etiam
608 2787 789 2846 occupare
808 2764 988 2854 siguificat.
1008 2764 1068 2836 cir.
1089 2768 1158 2832 Cic
1179 2769 1223 2834 dc
1238 2770 1333 2833 Orat.
1350 2786 1379 2834 a.
1396 2791 1447 2853 7⁰·

486 2877 568 2960 Cap.
587 2873 691 2940 xv11,
708 2872 912 2958 postulare.
932 2872 1038 2958 louge
1058 2871 1218 2938 usitatior
1237 2882 1336 2939 eaest
1348 2875 1533 2942 verborum
1550 2883 1736 2962 structura,
1752 2875 1812 2942 ubi

405 2990 450 3050 ut
470 2979 642 3066 sequitur,
662 2977 770 3042 altera
790 2976 904 3065 magis
920 2978 1056 3063 poetica
1076 2987 1110 3044 et
1130 2977 1252 3044 Plauto
1271 2979 1433 3065 inprimis
1451 2990 1554 3068 atque
1572 2984 1735 3049 Terentio
1770 3005 1811 3048 u·

405 3096 554 3173 surpata.
581 3084 661 3149 side
681 3082 824 3148 iudices.
840 3079 974 3174 gentr's.
1005 3085 1083 3158 Vct.
1100 3085 1129 3149 5.
1149 3083 1242 3151 liber
1261 3084 1433 3172 optimu„
1459 3107 1576 3156 reram
1595 3089 1704 3176 igitur
1721 3090 1811 3153 hauc

405 3188 684 3257 terminationem
710 3186 843 3266 judico.
887 3184 1055 3271 plerique
1085 3197 1233 3273 partem
1263 3187 1413 3256 tertiam
1444 3189 1618 3283 Africum
1641 3213 1811 3279 posuere.

405 3299 490 3366 ven.
511 3314 541 3375 4.
568 3300 680 3379 purte
705 3290 829 3356 tertia.
853 3293 938 3359 Veu.
968 3315 994 3354 r.
1020 3293 1110 3356 Flor.
1138 3317 1167 3358 1.
1197 3295 1325 3378 reliqui
1347 3315 1376 3360 e.
1398 3316 1449 3383 gr.
1478 3300 1569 3368 Med.
1586 3317 1615 3363 a.
1632 3314 1664 3376 4.
1684 3299 1759 3366 Vat.
1781 3313 1812 3373 4.

406 3400 520 3482 uelit,
538 3405 708 3482 receptam
728 3395 914 3462 lectionem
936 3397 1157 3483 confirmant,
1178 3419 1291 3484 nequa
1311 3409 1361 3466 est
1373 3400 1519 3468 dubium
1527 3403 1615 3488 quiu
1628 3403 1745 3490 potior
1756 3401 1811 3470 sit.

406 3502 644 3572 accusativum
664 3499 758 3564 euim
778 3520 842 3582 pro
861 3499 1013 3566 ablativo
1033 3503 1152 3568 multis
1171 3504 1211 3570 iu
1231 3505 1391 3572 formulis
1408 3527 1538 3592 ponere
1556 3505 1814 3591 antiquioribus

404 3603 632 3692 scriptoribus
657 3601 927 3698 usitatissimum,
946 3604 1026 3670 uide
1054 3625 1159 3692 supra
1188 3611 1233 3673 ad
1265 3611 1335 3674 cat.
1361 3633 1407 3692 49.
1431 3603 1679 3700 frequentata
1710 3619 1811 3682 sunt.

405 3721 569 3784 neutrum
587 3711 655 3774 hoc
677 3707 755 3776 loco
781 3707 906 3806 melius
923 3730 1027 3794 quam
1052 3711 1293 3782 foemininum.
1323 3717 1367 3779 ad
1384 3719 1469 3782 loca
1493 3717 1588 3782 enim
1609 3726 1715 3782 totam
1737 3735 1814 3782 seu-

406 3819 551 3886 tentiam
564 3817 610 3882 ub
629 3820 770 3884 auctore
785 3813 909 3884 referri
926 3859 937 3902 ‚
979 3815 1036 3880 vel
1059 3836 1099 3882 ex
1117 3820 1233 3886 verbis
1253 3819 1297 3886 ob
1320 3822 1480 3889 calorem
1502 3830 1564 3886 etc.
1585 3830 1812 3908 patetcosss-

400 3920 592 4006 pertransi.
615 3939 644 3984 e.
672 3919 758 3986 certi
778 3919 923 4002 aliquid.
944 3919 1005 3984 cfr.
1024 3920 1093 3986 Liv.
1117 3940 1179 4006 29,
1203 3946 1251 3988 ar.
1292 3934 1481 4009 comperta
1511 3923 1630 3993 oculis
1645 3921 1814 4018 perferre

405 4025 572 4098 Romans.
603 4021 653 4089 id.
687 4027 715 4086 ³.
743 4025 793 4099 48.
820 4025 886 4088 sed
902 4021 1013 4092 certis
1034 4047 1177 4108 quoque
1198 4023 1344 4096 indiciis
1364 4039 1589 4116 compertum
1610 4053 1649 4097 se
1669 4031 1811 4097 labere.

295 4209 297 4216 Ι
406 4131 546 4212 sueton.
573 4129 674 4210 Nero.
694 4129 753 4208 ³13
777 4125 951 4209 polliceri
964 4149 1039 4212 pro
1062 4141 1258 4214 comperto.
1280 4167 1317 4184 -
1338 4129 1377 4198 in
1389 4144 1538 4219 partem
1560 4132 1709 4201 tertium
1731 4153 1815 4200 cor»

408 4233 547 4312 firmant
567 4252 608 4303 ex
635 4230 764 4300 Italicis
786 4229 887 4300 libris
907 4235 997 4302 Meu
1020 4251 1048 4296 a.
1069 4251 1099 4311 4.
1121 4235 1195 4300 Vat·
1217 4239 1247 4302 3·
1268 4251 1299 4314 4.
1318 4239 1403 4305 Vsu.
1426 4262 1453 4306 ι.
1480 4237 1650 4327 plerique
1664 4249 1811 4326 portem
1892 4299 1895 4304 A
