4108 4976
392 401 465 493 514
533 348 539 362 =

391 618 430 670 ea
451 597 606 662 Gaetuliae
631 584 709 681 pais
740 595 950 678 designatur,
968 613 1062 678 qua,
1086 601 1124 657 ut
1142 595 1282 660 Salustii
1311 594 1425 660 verbis
1442 603 1534 678 utar,
1562 595 1656 658 haud
1676 597 1799 680 procul

392 707 435 768 ab
464 703 645 768 ardoribus
665 701 741 764 suit.
772 693 965 764 militaria.
994 699 1125 764 scilicet
1154 698 1277 766 officie.
1303 699 1370 764 Sal.
1388 700 1512 785 sepius
1535 700 1709 780 adjectivis
1734 721 1800 786 pro

392 807 614 876 substantivis
626 805 746 868 utitur.
759 805 957 868 adversum.
969 807 1060 870 Med.
1074 824 1103 869 ι.
1116 823 1145 884 4.
1164 807 1300 874 advers.
1319 827 1389 872 nos
1408 809 1493 874 Ven.
1509 827 1537 869 r.
1558 805 1702 889 incepto
1716 797 1803 871 belli

394 906 480 978 Min.
495 932 523 976 a.
543 909 895 978 haecnnavarIetasin
905 912 1115 982 Godd.1tall.
1137 912 1429 982 animadvertitur.
1450 931 1519 994 qua
1531 911 1674 993 quidem
1691 911 1800 975 Gortii

396 1018 690 1090 emendationem,
710 1015 803 1080 bello
826 1015 990 1101 delentis,
1010 1017 1141 1080 firmari
1158 1035 1261 1083 nemo
1279 1015 1414 1081 dixerit.
1435 1037 1542 1099 quare
1558 1024 1631 1080 toto
1649 1017 1728 1080 loco
1740 1036 1800 1082 ac·
1887 997 1891 1033 ²

395 1125 546 1190 curatius
562 1121 767 1204 examinato,
785 1119 878 1186 bello
899 1141 1021 1186 sanum
1042 1142 1115 1188 esse
1124 1122 1256 1202 judico.
1277 1143 1318 1187 eo
1339 1119 1507 1205 amplius.
1524 1121 1547 1185 i.
1565 1141 1595 1186 e.
1613 1122 1730 1206 plures
1741 1125 1801 1188 de-

394 1231 460 1296 nis.
480 1231 586 1294 nulla
605 1235 655 1292 est
673 1225 711 1290 in
733 1228 826 1289 Med.
840 1247 868 1306 9.
893 1237 926 1290 et
943 1231 1028 1294 Ven.
1045 1251 1072 1290 1.
1090 1249 1135 1292 m.
1154 1249 1206 1312 pr.
1226 1247 1331 1310 mam
1348 1227 1532 1292 lectionem
1545 1226 1576 1291 si
1594 1247 1710 1292 veram
1733 1228 1802 1292 exi-

393 1337 524 1412 stimas,
546 1328 687 1398 obtinet
710 1332 855 1395 verbum
876 1342 1037 1396 neutrum
1055 1335 1253 1398 habendum
1271 1341 1332 1398 est.
1352 1332 1505 1399 diversus
1523 1341 1587 1416 est,
1607 1353 1711 1414 quem
1722 1335 1803 1398 Cor-

396 1441 462 1503 tius
472 1441 587 1502 locum
599 1437 733 1520 laudat,
755 1437 825 1505 Cic.
834 1457 898 1522 pro
909 1438 1007 1501 Sulla
1017 1442 1046 1502 6.
1062 1460 1217 1522 quorum
1228 1440 1326 1502 alter
1337 1437 1674 1521 apudmeparentir
1681 1441 1804 1526 gravi-

397 1555 530 1626 tatem,
551 1539 735 1625 alterfilii
755 1538 973 1608 suavitatem
991 1541 1189 1608 obtinebat.
1214 1543 1415 1610 certium.
1432 1563 1480 1624 19.
1507 1538 1672 1608 antidoti
1695 1539 1802 1608 vicem

398 1651 574 1734 obtinent.
594 1647 737 1733 propius
758 1649 802 1710 ad
821 1656 975 1711 nostrum
987 1649 1011 1708 l.
1030 1648 1178 1731 accedit,
1199 1651 1293 1730 quod
1310 1657 1360 1711 est
1373 1649 1412 1712 in
1421 1651 1483 1732 Ep.
1497 1650 1541 1710 ad
1551 1650 1629 1712 Caes.
1645 1671 1673 1716 r.
1688 1669 1715 1710 1.
1731 1669 1802 1732 pro

397 1775 478 1820 vero
489 1762 600 1819 antea
611 1750 816 1830 obtinebam
839 1761 873 1817 et
888 1755 961 1817 hoee
978 1752 1173 1816 emendatio
1192 1771 1235 1816 eo
1254 1753 1420 1836 firmatur,
1436 1755 1529 1833 quod
1546 1753 1612 1818 Sal.
1625 1752 1737 1816 verbis
1749 1773 1804 1816 ac-
1826 1797 1831 1804 .
1868 1749 1871 1756 “

401 1859 479 1922 tivis
499 1879 564 1942 pro
596 1856 727 1921 neutris
751 1855 803 1918 uti
827 1856 901 1935 jam
921 1877 1025 1941 supra
1045 1867 1272 1922 memoratum
1299 1865 1359 1922 est.
1393 1860 1487 1944 quod
1513 1858 1653 1939 quidem
1675 1857 1712 1920 in
1737 1859 1805 1921 hoc

403 1965 511 2042 verbo
530 1961 596 2026 suit
614 1959 820 2046 proclivius,
839 1964 933 2042 quod
954 1961 1057 2028 etiam
1079 1965 1170 2044 apud
1188 1962 1276 2026 alios
1293 1963 1476 2046 scriptores
1490 1963 1563 2026 vim
1579 1960 1677 2027 verbi
1693 1961 1808 2028 neutri

402 2071 516 2133 habet.
549 2062 756 2152 suffragatur
781 2067 933 2147 denique
959 2065 1086 2130 similis
1111 2082 1192 2132 usus
1214 2065 1325 2132 Greci
1349 2065 1447 2132 verbi
1474 2067 1619 2158 ωΊίχιιν.
1646 2087 1752 2150 quare
1769 2067 1806 2132 iu

403 2175 513 2240 Cottii
530 2175 736 2240 sententiam
754 2174 905 2238 discedo.
1363 2213 1369 2224 ·

481 2284 562 2365 Cap.
583 2281 727 2344 LXXXI.
743 2277 937 2364 placitum.
960 2282 1053 2364 apud
1067 2288 1186 2366 poetas
1205 2283 1352 2348 maxime
1365 2283 1432 2346 hoc
1448 2280 1670 2366 perticipium
1682 2280 1808 2366 passim
1824 2331 1828 2342 .

403 2395 597 2469 usurpatur.
619 2380 825 2472 profunda.
840 2384 864 2451 i.
884 2404 914 2448 e.
941 2384 1119 2454 immensa.
1148 2386 1217 2455 Cic.
1234 2387 1273 2450 in
1296 2387 1411 2452 Pisoni.
1426 2405 1475 2460 rs.
1498 2383 1712 2476 profundae
1730 2380 1810 2449 libi·

406 2487 517 2555 dines.
544 2491 699 2553 advorsa
719 2485 804 2552 sint.
827 2509 868 2554 ex
885 2491 976 2554 Itall.
997 2492 1065 2555 soli
1085 2493 1176 2558 Med.
1193 2515 1223 2574 7.
1247 2495 1332 2560 Ven.
1349 2511 1379 2571 4.
1399 2495 1489 2559 Flor.
1504 2513 1532 2554 r.
1553 2492 1606 2555 ad
1619 2487 1774 2558 Cirtam.
1785 2490 1809 2553 i.

407 2614 435 2658 e.
457 2593 495 2654 in
513 2612 588 2656 eam
602 2594 796 2677 regionem,
813 2595 876 2658 ubi
886 2595 980 2660 Cirta
994 2597 1162 2681 oppidum
1178 2598 1283 2660 situm
1302 2608 1384 2662 erat.
1401 2592 1669 2686 pretiumsore.
1690 2615 1811 2677 quem·

408 2699 460 2764 vis
478 2698 594 2760 nullus
610 2707 773 2782 praterea
787 2699 894 2783 liber,
915 2713 1081 2782 quantum
1099 2703 1260 2784 equidem
1274 2703 1360 2788 scio,
1383 2707 1474 2766 hanc
1491 2707 1563 2766 Bas.
1580 2724 1607 2764 t.
1626 2700 1810 2764 lectionem

409 2803 603 2887 coufirmat,
625 2813 737 2868 tamen
756 2825 831 2868 eam
848 2805 1060 2894 verissimam
1082 2817 1177 2892 puto.
1203 2817 1294 2874 recte
1311 2797 1492 2874 conferunt
1507 2811 1585 2870 Tac.
1604 2809 1691 2870 Anu.
1718 2829 1743 2868 1.
1762 2808 1812 2885 57.

404 2907 566 2994 pretium
571 2905 656 3000 suit
673 2908 890 2976 Germanico
905 2922 1117 2978 convertere
1130 2934 1269 3000 agmen.
1284 2914 1332 2978 id.
1348 2915 1435 2978 Hist.
1448 2919 1476 2976 3.
1489 2915 1518 2975 8.
1539 2911 1577 2978 in
1597 2914 1636 2978 V
1632 2906 1813 2975 eronensi·

294 3077 299 3094 ,
409 3008 973 3105 duspretiumfuitmddednn.r.
985 3021 1034 3082 3⁵.
1054 3037 1112 3081 res
1128 3039 1280 3083 eoanno
1290 3009 1754 3106 prolutaslmudrqferam,
1774 3013 1815 3080 ni

405 3119 565 3203 pretium
578 3117 691 3209 soret
714 3119 863 3188 Pisonis
890 3133 925 3188 et
947 3119 1049 3187 Galli
1072 3119 1274 3189 sententias
1297 3143 1523 3212 cognoscere.
1537 3121 1733 3215 -Bocchi
1744 3142 1814 3205 pa·

410 3245 485 3288 cem
505 3225 725 3290 imminuere.
747 3227 966 3312 singulariter
984 3229 1134 3308 dictum,
1165 3227 1188 3292 i.
1209 3247 1238 3292 e.
1256 3249 1393 3312 pacem,
1413 3247 1516 3308 quam
1539 3227 1691 3290 Bocchus
1706 3211 1815 3310 spita-

410 3330 487 3411 bat,
506 3332 654 3400 turbare.
674 3331 838 3396 similiter
853 3333 962 3396 Lucil.
985 3353 1038 3417 ap.
1060 3337 1147 3396 Non.
1164 3350 1192 3394 r.
1206 3351 1275 3412 209·
1305 3329 1516 3396 imminuere
1537 3327 1727 3414 imperium
1746 3327 1815 3394 ali-

413 3429 528 3518 cujus.
548 3434 631 3496 item
651 3436 768 3500 cicero
784 3458 848 3521 pro
865 3439 964 3503 Rosc.
983 3440 1058 3502 Am.
1078 3440 1128 3502 38.
1151 3435 1220 3526 jus
1242 3433 1461 3502 imminuere.
1474 3477 1508 3490 -
1525 3457 1648 3501 moras
1667 3432 1815 3525 agitan-

414 3533 470 3598 do.
492 3534 551 3596 cfr.
567 3537 637 3598 cat.
659 3543 708 3599 61.

483 3641 573 3725 Cap.
595 3641 755 3704 LXXXII.
786 3637 914 3706 melius
941 3649 1058 3706 ratus.
1086 3663 1160 3708 esse
1184 3644 1312 3710 omisso
1327 3649 1402 3714 Vat.
1415 3664 1444 3724 4.
1475 3657 1586 3714 antea
1613 3653 1815 3730 acceperat.

411 3748 486 3812 vat.
501 3753 528 3812 3.
543 3749 571 3810 5.
591 3769 704 3832 supra
728 3746 861 3812 bonum
884 3755 996 3830 atque
1021 3745 1222 3812 honestum.
1253 3750 1382 3816 similia
1400 3761 1495 3818 sunt:
1522 3775 1634 3838 supra
1653 3754 1815 3836 modum,

412 3871 566 3935 morem,
585 3850 684 3938 vires,
701 3853 1030 3944 numanamfidem.
1042 3891 1084 3906 -
1098 3853 1287 3945 cognr'tum
1298 3867 1363 3922 est.
1382 3861 1527 3925 verbum
1540 3862 1644 3924 subst.
1658 3879 1727 3923 om.
1742 3861 1815 3926 vu.

412 3973 442 4020 a.
456 3971 486 4031 4.
507 3956 626 4039 placet.

495 4063 575 4144 Gap.
596 4061 774 4128 LXXXIII.
787 4063 957 4148 periculo
975 4088 1053 4133 suo.
1073 4087 1284 4152 pronomen,
1304 4072 1398 4150 quod
1420 4071 1557 4136 Cottius
1574 4071 1722 4156 expulit,
1746 4071 1817 4134 vim

412 4166 591 4232 senteutiae
614 4187 718 4248 quarn
741 4171 888 4236 maxime
914 4183 1026 4257 auget.
1057 4193 1170 4255 neque
1189 4173 1283 4238 ullus
1304 4174 1397 4238 liber
1413 4195 1454 4240 ex
1471 4177 1559 4240 Itali.
1578 4197 1599 4240 a
1614 4185 1731 4241 nostra
1746 4175 1818 4242 edi-

412 4270 508 4335 tione
526 4273 691 4342 dissentit.
713 4273 844 4340 lraberc
859 4299 950 4342 eum.
968 4280 1053 4343 Ven.
1070 4298 1137 4341 nr.
1158 4279 1249 4342 Med.
1266 4279 1294 4347 ⁵.
1315 4277 1447 4344 habere
1460 4301 1643 4370 magnam.
1664 4283 1755 4348 Med.
1771 4300 1817 4342 rc.

412 4373 546 4441 habere
563 4385 640 4444 tum
664 4376 875 4448 maximam.
901 4383 992 4450 Flor.
1008 4404 1036 4448 1.
1067 4391 1145 4448 tum
1166 4403 1285 4462 verum
1303 4394 1400 4471 puto.
1420 4386 1580 4454 Metellus
1598 4387 1745 4470 scilicet,
1764 4404 1821 4451 re·
