4106 4974
1607 390 1681 506 223

278 613 320 681 en
339 623 506 682 unctum
522 616 703 703 perducit.
732 617 847 685 Etiam
861 618 934 686 haec
951 617 1086 684 Curtius
1107 622 1262 704 suspecta
1282 614 1423 703 babuit,
1445 611 1485 684 in
1504 627 1683 709 renatum,

280 716 450 787 incedam
466 720 715 811 Concordiae,
735 745 789 809 eo,
807 725 1039 791 abundantius
1059 724 1151 789 dicta
1171 743 1242 789 esse
1251 730 1353 787 ratus.
1372 723 1440 788 Sed
1460 723 1585 812 miror,
1600 743 1680 792 eum

254 828 351 892 'non
372 827 411 891 in
432 847 474 892 eo
495 823 704 915 offendisse,
734 833 829 914 quod
845 831 997 915 primum
1011 826 1189 914 perducit
1207 837 1240 896 et
1262 829 1368 912 paulo
1387 828 1480 894 inira
1507 827 1679 900 introdu-

276 926 332 996 cit
348 933 480 998 dictum
501 944 561 999 est.
589 939 708 1017 Neque
732 956 808 1018 qun
832 937 1002 1022 congessit
1027 936 1202 1021 exempla,
1224 935 1350 1016 quibus
1368 937 1573 1018 perducere
1604 937 1680 1006 sine
1719 952 1723 960 ’

276 1057 358 1103 casu
385 1023 539 1103 construi
565 1041 718 1125 doceret,
752 1043 797 1104 ad
818 1042 911 1105 hunc
931 1042 1049 1105 locum
1074 1029 1315 1126 explicandum
1334 1040 1578 1109 iaciuntflurt.
1595 1047 1626 1108 3.
1649 1049 1679 1110 3.

278 1158 309 1218 4.
327 1143 452 1207 lustin.
473 1161 503 1208 2.
528 1149 585 1226 ¹³3
618 1162 664 1208 ι2.
690 1147 719 1209 5.
759 1144 990 1215 cin-Gronov.
1024 1150 1068 1210 ad
1091 1147 1165 1210 Liv.
1201 1151 1252 1209 3ο.
1279 1150 1327 1210 ι3.
1368 1149 1483 1232 Quare
1514 1148 1545 1212 si
1573 1152 1679 1220 modo

276 1248 352 1312 bac
370 1248 476 1312 verba
492 1248 531 1313 in
545 1257 712 1313 senatum
736 1249 774 1314 in
795 1251 896 1316 libris
916 1255 993 1315 Mss.
1014 1249 1139 1317 omissa
1158 1259 1256 1336 sunt,
1276 1252 1356 1336 (me
1371 1253 1466 1318 enim
1483 1253 1601 1320 iudice
1618 1275 1680 1320 ne·

275 1372 346 1436 que
367 1354 499 1420 Wassio
516 1375 628 1438 neque
643 1357 747 1421 Rivio
766 1357 804 1420 in
823 1356 1008 1421 laudandis
1023 1357 1128 1421 variis
1147 1357 1357 1422 lectionibus
1383 1357 1465 1422 satis
1486 1358 1570 1424 fidei
1602 1359 1678 1445 est)

275 1462 464 1542 perducere
485 1463 530 1524 ad
551 1463 729 1544 sequentia
751 1459 813 1548 (io
834 1464 910 1527 aed
930 1459 1067 1546 Cone.)
1089 1462 1308 1527 referendum
1331 1469 1390 1527 est.
1419 1464 1472 1526 De
1493 1465 1559 1527 bec
1584 1467 1680 1550 aede,

281 1585 357 1646 quae
374 1565 412 1629 iu
432 1567 529 1630 Clivo
555 1569 751 1654 Capitolino
774 1587 876 1651 supra
894 1581 1011 1632 arcum
1031 1569 1276 1654 triumphalem
1301 1567 1462 1652 Septimii
1474 1567 1592 1634 Severi
1615 1569 1681 1634 sita

275 1675 373 1753 erat,
390 1671 471 1736 vide
485 1674 560 1739 Val.
578 1677 673 1739 Max.
681 1695 709 1755 9.
725 1696 755 1757 7.
773 1689 802 1750 4,
830 1674 966 1738 Festum
981 1693 1008 1737 s.
1030 1694 1065 1748 v.
1089 1675 1281 1740 senacula.
1303 1675 1475 1739 Plutarch.
1491 1675 1612 1740 Camil.
1628 1690 1679 1751 42.

272 1773 344 1838 Cic.
361 1776 420 1840 Or.
439 1777 479 1841 in
501 1781 571 1844 cat.
586 1785 616 1848 3.
629 1801 658 1861 9.
680 1780 740 1849 cir.
752 1783 841 1846 Plut.
855 1783 927 1848 vita
938 1779 1005 1845 Cic.
1019 1799 1092 1865 cap.
1103 1801 1150 1861 ¹9·
1161 1776 1339 1843 scrinium
1353 1779 1605 1846 h.l.estarcula
1620 1799 1680 1844 seu

274 1899 390 1966 capsa,
411 1883 449 1944 in
466 1904 535 1966 qua
554 1886 680 1970 scripta
697 1897 922 1954 asservantur.
961 1884 1021 1951 cfr.
1041 1887 1162 1950 Horat.
1176 1885 1332 1950 Sermon.
1347 1904 1375 1949 1.
1391 1905 1419 1960 4.
1435 1885 1494 1949 lin.
1516 1886 1576 1969 Ep.
1602 1902 1631 1948 2.
1651 1909 1678 1954 1.

277 2001 346 2048 222.
369 1985 429 2050 cir.
448 1989 564 2054 Senec.
585 1994 628 2056 de
647 1991 701 2055 ira
725 2010 754 2056 2.
770 1999 820 2060 23.
1026 2014 1028 2020 ’
1080 1981 1083 1988 ⁴
1225 2017 1245 2051 ⁸
1522 2001 1524 2004 ’

355 2094 434 2177 Cap.
449 2096 581 2160 XLVII.
603 2098 680 2161 alia
699 2080 773 2167 i.'e.
795 2097 867 2162 alia
883 2096 1011 2161 omnia.
1032 2091 1263 2158 dissimulare
1291 2093 1342 2158 de.
1362 2090 1525 2155 similiter
1546 2090 1682 2156 abnue·
1723 2149 1726 2164 ,
1756 2162 1760 2168 ,

275 2195 379 2260 rede
399 2200 476 2284 lug.
496 2201 545 2275 84.
561 2219 664 2284 supra
685 2221 758 2286 cap.
774 2207 825 2270 3ο.
862 2196 1027 2265 indicare
1043 2198 1095 2263 de.
1129 2195 1189 2261 cir.
1207 2217 1279 2281 cap.
1295 2197 1345 2273 48.
1376 2217 1572 2281 exponere,
1592 2217 1679 2286 cog-

274 2313 444 2386 noscere,
465 2305 593 2369 docere
609 2305 651 2370 de
670 2305 750 2375 alie.
772 2308 816 2370 de
835 2289 901 2369 hac
919 2301 1107 2388 quastione
1129 2303 1166 2364 in
1184 2306 1306 2366 senatu
1337 2302 1459 2366 habita
1486 2301 1547 2367 cfr.
1573 2302 1680 2367 Cicer.

200 2493 203 2504 Ι
275 2401 335 2478 Or,
350 2405 389 2470 in
410 2408 479 2472 Cat.
494 2413 524 2472 3.
541 2430 569 2473 c.
588 2425 617 2486 4.
633 2419 668 2475 et
685 2413 713 2476 5.
728 2407 971 2502 fidepublico
987 2409 1061 2486 scil.
1074 2412 1172 2493 data,
1191 2411 1286 2491 quod
1301 2406 1483 2492 omissum,
1501 2415 1541 2472 ut
1557 2409 1680 2494 saepius

275 2514 370 2593 apud
388 2513 574 2580 Salustium
596 2515 741 2580 nomina
770 2516 808 2580 in
830 2515 999 2600 ablativo,
1017 2514 1115 2577 nullo
1134 2515 1320 2600 participio
1335 2513 1472 2599 addito,
1492 2523 1680 2598 ponuntur.

109 2607 110 2610 '
176 2653 180 2658 -
258 2605 335 2680 ¹cir.
355 2635 458 2704 supra
477 2625 528 2697 43.
550 2641 592 2686 eo
605 2619 713 2712 signo
728 2631 762 2687 et
784 2625 835 2686 36.
861 2621 1001 2688 duobus
1019 2616 1142 2685 senati
1160 2616 1330 2704 decretis,
1350 2625 1384 2683 et
1404 2621 1509 2683 modo
1529 2639 1681 2710 magna·

271 2741 344 2804 qne
349 2719 579 2814 frequentia.
598 2729 666 2792 Sed
687 2727 756 2793 fide
768 2727 910 2813 publice
925 2725 1115 2810 impunitas
1132 2723 1204 2804 ejus
1224 2713 1293 2803 rei,
1315 2745 1420 2808 quam
1434 2725 1513 2806 quis
1527 2721 1681 2789 declara·

273 2828 370 2892 turus
386 2839 473 2914 erat,
495 2833 528 2895 ei
543 2833 711 2915 promissa
732 2841 792 2898 est.
812 2833 995 2913 docetque.
1008 2834 1075 2893 boc
1091 2829 1250 2912 verbum,
1272 2833 1369 2909 quod·
1383 2829 1519 2892 Curtius
1535 2829 1677 2914 expulit,

273 2931 394 2998 abesse
424 2955 497 2999 non
520 2943 650 3019 potest:
676 2923 956 2998 namcontraria
981 2941 1073 3006 sunt,
1107 2929 1232 2998 omnio
1256 2929 1434 3023 utigesta
1451 2942 1560 2997 erant
1580 2969 1622 2987 -
1642 2943 1676 3000 et

274 3057 351 3118 quae
372 3047 584 3122 sequuntur:
604 3037 702 3104 nihil
718 3037 875 3122 amplius
888 3038 993 3103 scire.
1013 3036 1198 3121 Superiora
1220 3037 1283 3099 illa
1304 3038 1349 3098 ad
1374 3037 1572 3100 societatem
1598 3057 1677 3102 cum

272 3141 520 3229 Allobrogibus
534 3143 690 3227 junctam
706 3144 899 3228 pertinent,
919 3162 995 3225 quae
1015 3147 1207 3227 postquam,
1219 3150 1433 3236 exposuerat,
1452 3142 1520 3204 boc
1541 3140 1675 3232 adjecit.

273 3250 324 3314 Ne
338 3243 530 3334 pronomen
548 3271 586 3315 se
603 3251 746 3332 quidem
769 3247 883 3314 omitti
900 3253 1032 3333 potest,
1053 3246 1251 3331 oppositum
1270 3245 1364 3310 enim
1387 3253 1437 3310 est
1454 3247 1677 3328 sequentibus

276 3375 385 3438 quam
402 3355 556 3445 legatos.
576 3358 644 3422 Sed
663 3357 798 3420 cortine
819 3354 937 3419 lurore
966 3355 1117 3436 quodam
1142 3351 1357 3431 conjectandi
1380 3361 1585 3437 occaecatus,
1602 3355 1677 3418 haec
1725 3353 1727 3361 '

275 3479 346 3526 non
364 3462 504 3525 curavit.
524 3463 618 3548 Quid
634 3464 730 3545 qnod
744 3461 783 3526 in
799 3460 1020 3543 sequentibus
1046 3459 1150 3524 etiam
1160 3447 1342 3546 fetentur
1361 3459 1533 3544 expellere
1556 3457 1677 3544 cupitt

206 3585 208 3592 ·
274 3565 367 3631 idem
386 3561 449 3631 ille
468 3575 501 3632 et
523 3575 605 3632 erat
621 3568 707 3632 citra
723 3587 861 3632 omnem
875 3553 1157 3652 probabilitatem
1175 3563 1283 3643 ejecit.
1303 3563 1472 3629 Salustius
1493 3563 1587 3629 enim
1605 3581 1677 3627 ma·
1751 3563 1754 3572 ‘

274 3673 366 3738 xime
378 3681 471 3739 amat
494 3675 688 3741 orationem
712 3675 890 3757 obliquam
913 3673 952 3736 in
972 3680 1100 3736 rectam
1120 3673 1274 3748 flectere;
1296 3675 1331 3732 et
1349 3672 1443 3750 quod
1460 3669 1583 3752 saepius
1602 3687 1677 3739 mm

276 3777 438 3863 unimus,
461 3779 647 3845 deteriores
678 3779 763 3843 libri
783 3798 856 3842 non
875 3779 990 3841 minus
1010 3777 1047 3840 in
1066 3773 1181 3839 verbis
1207 3773 1405 3836 omittendis
1426 3791 1530 3854 quam
1554 3771 1593 3858 in
1614 3791 1677 3858 ap-

275 3884 447 3968 ponendis
468 3893 618 3971 peccant.
640 3879 837 3974 cuifatum
850 3878 971 3974 foret.
990 3881 1136 3946 verbum
1151 3877 1247 3943 omis.
1269 3879 1353 3944 Ven.
1374 3876 1676 3963 eliber-optimus,

277 3986 520 4078 cuifotatum
543 3999 634 4055 erat.
652 3991 736 4056 Ven.
750 4007 779 4052 2.
803 3982 1037 4077 cuifototum
1047 3981 1143 4076 fnit.
1155 3981 1279 4076 foret,
1300 3983 1385 4048 Min.
1403 4001 1435 4054 2.
1463 4003 1612 4067 quorum
1631 3983 1677 4048 li-

278 4095 421 4158 brorum
440 4095 635 4160 auctoritati
659 4095 840 4160 obsecutus
857 4092 1001 4156 verbum
1020 4093 1088 4154 boc
1107 4091 1185 4154 loco
1202 4089 1431 4154 omittendum
1452 4109 1523 4154 esse
1543 4104 1676 4154 censeo.

278 4197 437 4268 Cinnam
463 4210 499 4264 et
513 4203 651 4266 Sullam
665 4209 785 4265 anteo.
817 4196 876 4262 cir.
896 4197 965 4262 Cic.
985 4196 1043 4264 Or.
1059 4196 1098 4262 in
1112 4199 1182 4260 Cat.
1194 4200 1224 4259 3.
1244 4212 1273 4272 4.
1304 4195 1462 4265 Cinnam
1478 4201 1565 4258 onte
1583 4212 1622 4256 ae
1639 4197 1676 4256 et
