4116 4970
1690 425 1708 494 7

309 587 474 650 Salustius
498 586 538 650 in
553 584 748 671 suscipione
762 586 902 654 hrenmt
918 587 956 652 in
974 588 1118 674 gratiam
1140 587 1282 654 rediisse
1304 610 1383 654 cum
1406 587 1540 655 Milone
1562 601 1595 655 et
1619 594 1713 658 Cice·

309 711 404 756 rone.
428 693 573 772 14.)Sed
591 693 726 756 duobus
737 692 839 757 annis
851 702 945 778 post,
963 697 1000 758 L.
1008 693 1156 758 Aemilio
1173 695 1280 758 Paulo
1295 704 1328 759 et
1339 697 1374 759 C.
1389 695 1534 759 Claudio
1548 697 1711 762 Marcello

310 795 531 879 Consulibus,
550 797 716 861 Salustius
732 799 775 860 ab
783 799 896 883 Appio
913 798 1056 862 Claudio
1078 817 1231 882 censore,
1249 808 1369 862 senatu
1388 807 1501 863 motus
1523 807 1581 862 est.
1599 800 1665 882 15.)

390 901 493 980 Cujus
517 902 567 963 rei
587 921 723 964 causam
737 901 806 964 Dio
824 903 1011 987 apartium
1033 902 1147 964 studio
1165 902 1305 984 repetit,
1322 901 1386 984 ι6.)
1403 921 1472 984 quo
1482 903 1627 987 Appius,
1640 905 1713 968 Θω-

309 1004 377 1068 sari
406 1004 665 1068 inimicissimus
685 1015 718 1068 et
733 1006 887 1089 Pompeji
903 1005 1094 1088 studiosus,
1114 1005 1329 1088 flagraverit,
1360 1005 1557 1069 scholiastes
1573 1007 1713 1072 Horatii

309 1118 426 1172 contra
447 1111 536 1172 hanc
558 1109 787 1193 ignominiam
803 1108 950 1172 Salustio
970 1120 1110 1193 propter
1134 1108 1299 1172 libidines
1324 1110 1473 1172 inustam
1494 1111 1598 1174 fuisse
1615 1112 1711 1176 dicit.
1729 1113 1733 1120 '

310 1225 373 1292 ιγ.)
395 1215 496 1297 Quod
514 1213 747 1278 testimonium
767 1213 901 1277 etiamsi
921 1233 1043 1296 parum
1066 1212 1205 1276 firmum
1231 1233 1301 1278 esse
1325 1216 1476 1300 videtur,
1506 1237 1582 1279 cum
1602 1217 1712 1281 maxi·

308 1336 363 1379 me
382 1328 500 1379 contra
516 1318 673 1382 historici
695 1318 932 1380 arrctoritatem
954 1327 1100 1402 pugnet,
1122 1326 1235 1380 tamen
1256 1327 1367 1382 cetera
1386 1341 1461 1400 quae
1482 1321 1540 1383 isti
1561 1320 1727 1394 scholia-s

308 1431 366 1483 stae
386 1423 546 1505 tradunt,
567 1440 678 1486 meras
696 1421 828 1484 fabulas
848 1431 988 1505 putare,
1008 1422 1088 1485 vide
1108 1442 1152 1485 ne
1174 1423 1371 1505 insipientis
1391 1425 1509 1507 potius
1526 1445 1630 1504 quam
1645 1425 1710 1490 cri·

306 1525 367 1588 tici
386 1546 457 1590 esse
477 1528 644 1591 videatur.
668 1525 948 1609 APorphyrione
965 1526 1059 1589 enim
1083 1529 1204 1590 eodem
1234 1527 1312 1590 loco
1329 1529 1495 1590 Asconius
1522 1529 1710 1612 Pedianus,

305 1631 446 1693 Salustii
465 1632 544 1696 vitae
566 1631 712 1716 scriptor
733 1631 903 1694 laudatur.
923 1632 1081 1696 Ceterum
1098 1633 1170 1696 haec
1189 1631 1327 1716 injuria,
1346 1632 1493 1696 Saluslio
1512 1633 1555 1694 ab
1572 1632 1617 1694 iis
1630 1633 1710 1696 illa

306 1742 353 1818 ta,
374 1736 436 1817 qui
455 1744 488 1798 et
507 1735 662 1820 Pompeji
684 1744 718 1798 et
734 1735 1090 1819 optimatium·partes
1113 1736 1364 1819 defendebant,
1390 1746 1554 1818 preterea
1585 1735 1636 1800 rei
1659 1737 1710 1799 sa·

305 1839 451 1903 miliaris
475 1840 639 1926 angustie
664 1859 743 1903 eum
765 1839 955 1922 perpulisse
973 1839 1151 1924 videntur,
1178 1850 1217 1902 ut
1236 1842 1280 1902 ad
1304 1843 1485 1923 Caesarem,
1503 1840 1639 1902 Italiam
1659 1840 1712 1904 ir·

304 1955 540 2030 rumpentem,
556 1965 592 2008 se
613 1945 793 2009 conferret.
814 1945 1064 2024 Aquoiterum
1090 1954 1260 2028 questura
1281 1954 1422 2008 ornatus
1441 1953 1475 2007 et
1495 1943 1533 2006 in
1553 1953 1708 2008 senatum

303 2047 409 2111 lectus
423 2059 482 2113 cst.
504 2049 568 2132 18.)
582 2049 675 2112 Parti
686 2049 863 2132 copiarum
874 2049 1068 2132 praeicctus,
1086 2049 1123 2112 in
1132 2047 1489 2132 IllyriacumOctavio
1510 2055 1544 2110 et
1552 2048 1707 2132 Libone,

305 2152 757 2236 PompeJiducihus,praelio
765 2153 957 2234 commisso,
967 2173 1038 2214 rem
1046 2152 1255 2236 malegessit.
1279 2152 1341 2231 19.)
1352 2152 1417 2212 Sed
1426 2149 1520 2211 hello
1528 2149 1566 2210 in
1576 2150 1708 2214 Graecia

303 2257 459 2339 Aegypto
478 2265 512 2318 et
526 2257 607 2318 Asia
619 2255 785 2338 coniecto,
799 2266 926 2339 praetor
941 2255 1049 2318 iactus
1064 2275 1085 2317 a
1093 2257 1221 2318 (lesere
1230 2253 1268 2315 in
1283 2253 1502 2336 Campaniam
1513 2253 1635 2317 missus
1647 2261 1708 2338 est,

238 2367 240 2375 '
303 2360 543 2445 quilegiones,
557 2360 762 2425 seditionem
783 2369 957 2425 moventes
975 2368 1010 2426 et
1030 2359 1069 2424 in
1090 2359 1241 2423 Africam
1258 2356 1412 2437 trajicere
1428 2369 1641 2435 recusantes,
1660 2361 1707 2423 ad

384 2663 451 2742 ιι.)
472 2661 593 2724 Asson.
611 2661 750 2723 Pedian.
771 2660 947 2742 Explanat.
965 2657 1003 2720 in
1022 2658 1090 2720 Cic.
1108 2659 1218 2724 Oratt.
1233 2659 1352 2721 Venet.
1373 2657 1450 2720 ald.
1468 2657 1706 2742 MDLx111.p.

302 2765 354 2845 87.
373 2785 403 2827 a.
423 2802 465 2819 -
490 2766 555 2845 ra.)
577 2767 601 2828 1.
617 2787 644 2828 c.
666 2787 698 2849 p.
718 2766 811 2844 oab.
831 2800 874 2817 -
897 2763 963 2845 ιδ.)
986 2763 1009 2830 l.
1025 2784 1053 2826 c.
1073 2783 1149 2848 pag.
1164 2767 1212 2842 93.
1233 2762 1267 2825 h.
1287 2797 1329 2816 -
1351 2761 1418 2844 as.)
1431 2781 1508 2848 pag.
1525 2763 1576 2842 87.
1590 2779 1618 2824 a.

386 2873 455 2950 15.)
479 2869 546 2936 Csr.
569 2871 637 2932 Dio
658 2873 745 2932 Cass.
765 2869 853 2930 Hist.
871 2872 971 2930 Rom.
990 2869 1075 2942 Lao.
1096 2887 1125 2928 c.
1145 2867 1195 2927 δι.

384 2975 447 3056 ι6.)
468 2975 536 3036 Dio
562 2975 648 3037 Cass.
669 2973 731 3035 lib.
746 2989 799 3047 40.
820 2993 848 3034 o.
861 2973 911 3032 63.

384 3076 449 3159 17.)
469 3080 592 3138 Acron.
613 3078 657 3138 ad
676 3078 795 3138 Horat.
816 3076 922 3137 Serm.
947 3095 974 3134 1.
994 3089 1022 3133 2.
1041 3073 1091 3145 48.
1109 3071 1187 3152 sed,
1219 3069 1314 3152 dicit,
1335 3074 1442 3131 tanto
1466 3067 1600 3132 ardore
1617 3062 1708 3156 fer·

301 3189 365 3244 tur
393 3179 574 3244 Salustius
611 3177 649 3242 in
684 3174 889 3261 libertinas,
910 3184 1049 3258 quanto
1066 3175 1235 3237 moechus
1261 3173 1395 3235 ardore
1408 3165 1540 3254 fertur
1559 3165 1597 3232 in
1625 3193 1703 3238 ma-

301 3297 441 3350 tronas.
471 3281 553 3367 Ipsi
569 3280 662 3346 enim
686 3278 843 3346 Salustio
864 3279 903 3344 in
923 3289 1054 3342 senatu
1073 3280 1141 3343 hoc
1164 3275 1343 3368 objectum
1364 3284 1428 3342 est.
1467 3278 1557 3338 Tum
1580 3274 1702 3342 illese

301 3411 375 3454 non
405 3397 660 3452 matronarum
685 3388 750 3449 sed
768 3381 1023 3449 libertinarum
1049 3390 1266 3445 sectatorem
1293 3402 1365 3442 esse
1396 3389 1552 3442 testatus
1581 3388 1634 3444 est
1665 3387 1703 3446 el

300 3490 380 3560 ideo
403 3515 449 3556 cx
474 3501 605 3555 senatu
631 3493 800 3573 expulsus
831 3498 906 3563 est;
939 3490 1034 3568 quod
1065 3493 1198 3550 excusat
1230 3485 1322 3547 idem
1347 3485 1386 3547 in
1409 3484 1564 3548 Catilina
1594 3485 1700 3572 bello·

300 3597 474 3660 Consentit
493 3617 570 3658 cum
586 3595 766 3658 scholiasta
786 3603 908 3656 auctor
927 3592 1183 3655 declamationis
1203 3591 1240 3652 in
1258 3591 1324 3653 Sal.
1346 3611 1373 3652 c.
1386 3591 1415 3652 6.
1441 3590 1507 3652 Sed
1525 3591 1568 3650 ab
1589 3592 1701 3653 Hora·

300 3701 348 3764 tio
375 3712 535 3785 nepotem
553 3701 668 3784 potius
688 3699 844 3762 historici
866 3698 1051 3782 perstringi
1069 3698 1148 3760 satis
1169 3694 1361 3758 luculenter
1384 3693 1501 3756 docuit
1525 3693 1704 3758 Heindor-

300 3806 377 3872 sius.

382 3914 428 3973 18.
449 3912 634 3976 Declamat.
654 3931 681 3972 c.
697 3913 725 3971 6.
749 3917 781 3972 et
799 3907 866 3969 Dio
889 3907 978 3968 Cass.
999 3907 1036 3967 L.
1067 3920 1117 3979 42.
1137 3938 1179 3956 -·
1202 3903 1265 3984 ¹9·)
1287 3903 1354 3966 Cir.
1368 3900 1621 3967 OrosiiHistor.
1638 3905 1695 3970 v1.

299 4039 327 4080 c.
344 4020 392 4081 rs.
402 4037 477 4100 pag.
504 4019 574 4090 416.
594 4014 682 4076 Edit
701 4015 924 4094 Havercamp.
946 4009 1117 4084 ,Basillus
1140 4019 1172 4072 et
1198 4008 1363 4071 Salustius
1387 4027 1449 4090 per
1475 4007 1628 4092 singulas
1646 4007 1696 4070 le·

298 4122 435 4206 giones,
455 4120 580 4201 quibus
599 4125 777 4201 praeerant,
795 4116 956 4180 similiter
972 4113 1190 4198 etAntonius,
1211 4113 1413 4177 Hortensius
1426 4131 1563 4194 quoque
1577 4113 1619 4173 ab
1641 4110 1696 4172 in-

298 4225 379 4288 timo
395 4226 482 4289 mari
499 4244 576 4288 cum
593 4224 698 4288 classe
711 4239 904 4302 accurrens,
924 4237 1043 4284 omnes
1065 4218 1194 4305 pariter
1215 4222 1384 4300 adversus,
1394 4215 1576 4281 Octavium
1591 4221 1625 4284 el
1635 4211 1700 4282 ll·
