4106 4974
398 425 467 478 100

394 589 572 658 dationem
595 607 700 672 φιιιιι
698 575 815 650 ''ab
803 603 880 672 apso
911 589 1050 650 auctore
1068 571 1224 649 reliota'm
1243 580 1446 688 putaverim
1475 577 1659 648 immernor
1691 585 1804 674 enim,

396 702 518 784 credo,
539 682 701 760 librarius
727 692 841 758 luerat
870 684 971 758 domi
988 689 1196 776 pronomina
1220 688 1422 775 possessiva
1420 687 1582 775 adiungo
1605 688 1665 753 cir.
1706 693 1805 758 llud·

396 805 479 868 dim.
512 804 593 865 inst.
614 801 652 863 L.
670 799 765 871 1..Ρ
782 799 823 861 11.
845 821 880 884 p.
871 815 967 879 ..ι77
1005 795 1074 860 Cio.
1091 799 1152 881 Ep.
1173 795 1250 864 Div
1268 811 1300 872 4
1317 817 1348 877 7.
1377 787 1630 860 narnensem
1649 789 1805 882 alnepe-

395 905 517 973 riculo
539 899 745 972 demittam
765 922 849 986 esse,
873 923 983 987 quom
997 915 1088 966 eum
1104 897 1273 984 periculo
1294 895 1449 964 attente.
1469 887 1652 964 mtellacit
1674 904 1758 968 ven.
1773 917 1805 964 at

396 1015 484 1078 Med.
497 1013 525 1076 t.
540 1005 768 1094 impendebat
788 1005 879 1072 Med.
903 1011 933 1071 t.
946 1010 975 1076 3.
995 1015 1120 1093 prater
1136 1006 1264 1070 maltos
1278 1003 1367 1070 alios
1382 1005 1497 1070 libros
1518 1024 1606 1087 quos
1616 1019 1719 1090 supra
1729 1007 1803 1071 lau-

396 1119 553 1184 davimus
573 1115 781 1180 rideSalust.
798 1115 875 1180 Vol.
900 1117 976 1199 alp.
989 1117 1039 1176 3ι.
1053 1131 1130 1196 quae
1145 1110 1399 1196 qaudamlectio
1408 1107 1525 1176 nescio
1538 1131 1583 1176 an
1592 1103 1805 1196 praeferenda

334 1277 338 1286 .
397 1224 542 1307 sit,oum
553 1212 780 1285 indicativum
789 1219 912 1303 saepius
925 1238 989 1303 pro
998 1217 1217 1298 conjunctivo
1230 1216 1314 1301 poni
1326 1215 1432 1302 paulo
1442 1225 1521 1282 aute
1535 1219 1804 1283 demonstratum

396 1329 451 1394 sit.
481 1335 528 1392 Ex
553 1326 641 1392 locis
668 1323 846 1389 ciceronis
871 1343 947 1406 qua
971 1342 1074 1408 supra
1097 1322 1353 1408 congessimus,
1387 1329 1506 1386 nostro
1526 1315 1806 1391 simillimusest.

397 1437 438 1497 de
452 1431 549 1500 Offic.
566 1447 594 1499 2.
613 1453 651 1514 73
674 1428 847 1497 interitus
867 1429 961 1515 (scil.
984 1425 1150 1512 tyranni)
1178 1427 1362 1508 declarat,
1396 1435 1574 1510 quantum
1597 1426 1719 1496 odium
1740 1432 1805 1496 bo·

397 1538 534 1602 minum
556 1539 649 1602 valet
670 1535 867 1620 adpossem.
889 1543 1068 1618 quantum
1081 1531 1300 1617 perieulum.
1323 1532 1475 1598 Eiohlam
1478 1531 1604 1624 janua
1612 1535 1713 1604 idem·
1725 1552 1804 1624 egs-

397 1651 495 1706 state
513 1663 559 1706 ae
580 1643 716 1708 dolore.
737 1641 927 1706 ablativum
947 1659 968 1703 s
993 1635 1143 1704 Salustio
1160 1638 1285 1722 saepius
1307 1637 1403 1723 poni,
1422 1640 1704 1710 ubiaeeusativus
1726 1661 1805 1705 eum

399 1769 503 1832 praep.
526 1747 617 1832 apud
635 1747 723 1812 alios
743 1749 925 1832 scriptores
948 1755 999 1812 est
1018 1745 1192 1829 usitatior,
1209 1745 1283 1823 iam·
1301 1761 1403 1828 supra
1417 1745 1576 1809 vidimus.
1607 1740 1728 1838 Sullae
1742 1747 1807 1810 clo·

388 1850 611 1918 minatione.
631 1852 654 1913 i.
670 1871 699 1915 e.
719 1854 816 1914 Sulla
837 1852 1048 1916 dominante.
1086 1850 1269 1915 Florentiae
1301 1867 1402 1934 agros
1431 1851 1513 1913 sub·
1530 1854 1627 1915 hasta
1658 1849 1806 1914 veniisse

399 1959 489 2022 Flor.
510 1956 658 2020 traditis
676 1971 725 2017 21.
744 1955 803 2018 fin.
837 1955 983 2039 Appian.
1000 1958 1035 2017 B.
1055 1957 1089 2016 G
1113 1975 1141 2015 ι.
1158 1958 1214 2034 967
1241 1955 1456 2018 Etruscarum
1479 1955 1622 2020 urbium
1648 1955 1807 2020 nomina-

400 2063 462 2127 tim
484 2063 696 2128 mentionem
718 2081 789 2124 non
809 2059 901 2125 iacit.
915 2062 958 2124 de
982 2059 1217 2125 Volaterranis
1251 2059 1451 2148 paucisagit
1471 2061 1613 2146 Cic.pro
1631 2064 1741 2124 Domo
1755 2065 1806 2124 3ο.

400 2171 574 2235 latrones.
594 2167 655 2232 cir.
671 2167 740 2232 Cic.
763 2169 834 2232 Cat.
850 2184 879 2229 a.
904 2183 951 2228 ιο.
986 2205 1003 2240 e
1018 2164 1180 2246 quintum
1202 2183 1311 2251 genus
1327 2175 1386 2230 est.
1396 2167 1414 2200 ’'
1434 2175 1497 2231 eto.
1523 2167 1723 2232 nonnullos
1735 2167 1807 2230 soil.

400 2274 616 2336 sollicitabat.
638 2285 721 2338 nota
739 2277 941 2358 asyndeton.
963 2273 1089 2336 horum
1110 2289 1223 2336 mores
1244 2271 1417 2335 describit.
1439 2271 1508 2340 Cio.
1527 2274 1598 2334 Cat.
1621 2289 1650 2341 a.
1665 2293 1696 2353 9.
1715 2311 1733 2348 ,2
1746 2269 1810 2357 qui

399 2399 437 2442 se
457 2374 652 2462 insperatis
671 2375 941 2462 repentinisque
958 2373 1127 2460 pecuniis
1146 2377 1394 2459 sumptuosius
1401 2372 1810 2470 insolentiusquejacta-

401 2483 519 2545 runt’'
538 2519 581 2536 -
601 2483 724 2547 lubido
745 2503 816 2546 non
836 2487 880 2546 ad
901 2482 1094 2568 voluptates
1117 2482 1270 2568 corporis
1289 2481 1492 2567 retulerim,
1511 2486 1570 2546 sed
1583 2501 1646 2567 pro
1667 2483 1808 2547 licentia

402 2585 552 2668 positum
572 2605 643 2648 esse
660 2587 806 2648 videtur.
831 2586 903 2652 Lir.
919 2603 949 2654 2.
967 2593 1004 2665 37
1027 2607 1137 2668 quum
1160 2583 1199 2648 in
1219 2605 1333 2674 regno
1355 2583 1468 2650 libido
1487 2582 1650 2652 solutior
1661 2583 1808 2684 fuerat.

404 2699 437 2753 et
457 2699 574 2774 postea
595 2709 675 2752 eam
695 2685 883 2752 licentium
908 2697 1132 2772 quaerentes.
1153 2698 1187 2753 et
1204 2706 1255 2765 aa.
1272 2695 1323 2758 23.
1344 2689 1462 2774 ipsum
1482 2694 1623 2756 nullum
1639 2700 1810 2776 praeter-

403 2817 512 2880 quam
531 2816 621 2859 suae
641 2790 802 2859 libidinis
822 2789 1121 2880 arbitrio,finsm
1132 2787 1344 2883 facturum.
1373 2797 1434 2863 cir.
1451 2797 1543 2864 iufra
1561 2803 1610 2866 ιιι.
1652 2794 1811 2864 lubidini

287 2963 291 2972 ,
400 2911 437 2966 et
458 2896 544 2966 usui
555 2897 698 2985 paruit.
717 2905 776 2984 Ep.
798 2901 842 2963 de
850 2903 934 2984 Rep.
950 2899 1033 2966 Ord.
1048 2916 1079 2962 a.
1114 2903 1145 2962 3.
1164 2897 1313 2968 libidine
1332 2925 1379 2969 ac
1399 2900 1551 2970 licentia
1570 2923 1640 2968 sua
1655 2925 1727 2988 pro
1746 2907 1795 2968 le-

398 3007 505 3097 gibus
526 3015 695 3080 utuntur.
714 3001 851 3090 reliqui
859 3001 1046 3096 fecerant.
1067 3001 1128 3068 cir.
1144 3025 1246 3090 supra
1268 3027 1297 3072 o.
1319 3029 1366 3073 ιι.
1387 3009 1572 3091 aliquoties
1593 3008 1696 3074 etiam
1714 3013 1807 3095 apud

404 3113 518 3194 ipsum
536 3113 736 3179 ciceronem
758 3123 792 3180 et
809 3115 975 3182 Gaesarem
995 3114 1079 3178 heo
1089 3110 1221 3178 locutio
1242 3111 1401 3180 occurrit.
1438 3115 1509 3179 Cio.
1544 3117 1640 3183 Verr.
1672 3137 1700 3178 ι.
1723 3139 1748 3181 ι.
1769 3121 1810 3180 ati

405 3219 535 3286 casn.
555 3219 595 3279 G.
612 3235 639 3285 ι.
654 3223 703 3280 ι6.

482 3325 561 3406 Cap.
581 3322 699 3391 XXIX
720 3325 819 3388 malo
842 3320 1035 3408 ancipiti'
1024 3347 1047 3388 ι.
1060 3343 1090 3390 e.
1105 3329 1199 3408 quod
1213 3263 1494 3416 utrinqueurget.
1506 3329 1567 3394 alr.
1588 3331 1656 3394 Cic.
1661 3327 1808 3414 proleg.
1904 3345 1909 3356 ·

403 3427 523 3489 Manil.
542 3431 573 3487 3.
603 3450 716 3502 ,cum
732 3428 900 3493 duobus'
890 3451 929 3493 ιιι
946 3431 1033 3496 loeis
1049 3425 1336 3518 disjunctissimis,
1356 3453 1377 3498 a
1396 3435 1492 3500 binis
1508 3435 1660 3499 hostium
1682 3433 1808 3518 copiis,
1918 3479 1927 3490 .

404 3531 536 3595 bellum
565 3538 656 3616 terra
689 3532 845 3613 marique
873 3545 1073 3618 gereretur,
1107 3558 1166 3600 uos
1195 3535 1356 3620 ancipiti
1384 3537 1619 3605 contentione
1646 3539 1809 3605 distracti.
1865 3545 1869 3553 '

403 3641 495 3702 Curt.
509 3641 538 3702 3.
555 3657 585 3719 7.
607 3632 766 3720 ancipiti
778 3637 866 3702 acie.
879 3639 1005 3712 (ΜΒ.
1016 3638 1087 3700 Cir.
1098 3643 1331 3726 ³.73.··aneeps
1347 3629 1480 3710 terror.
1492 3646 1565 3710 Liv.
1580 3653 1628 3729 37.
1644 3667 1690 3710 ιι.
1708 3643 1813 3709 onci-
1892 3625 1897 3633 ⁵

398 3741 497 3826 pitia
518 3745 602 3812 tela.
623 3744 671 3813 id.
693 3746 722 3809 b.
746 3765 774 3807 ι.
794 3741 975 3829 ancipitia
997 3742 1233 3810 munimenta.
1256 3751 1377 3812 eodem
1399 3766 1510 3817 sensu.
1529 3751 1606 3836 lug.
1630 3773 1657 3814 o.
1673 3753 1722 3832 67.
1744 3771 1811 3814 an·

405 3866 487 3929 ceps
507 3853 644 3914 malum
666 3852 809 3915 dietum.
832 3847 1105 3938 exagitatami.
1127 3873 1156 3918 e.
1178 3861 1373 3940 tractatam,
1393 3856 1639 3923 excussamCie.
1646 3855 1811 3940 prosunt

404 3973 455 4020 ιι.
477 3953 715 4044 Ι..ιΞοΙιιιιοιιιιιι
735 3956 902 4020 dissensio
923 3955 1036 4020 delata
1063 3959 1107 4019 ad
1126 3967 1309 4043 patronos,
1335 3981 1415 4024 oum
1437 3960 1513 4039 J'am
1533 3961 1752 4044 inveterasset
1772 3979 1812 4022 ao

403 4039 652 4122 multosanuos
666 4057 979 4148 esseteuugitotnfl
999 4079 1063 4144 pro
1076 4062 1216 4126 Cluent.
1228 4066 1278 4128 36.
1285 4061 1727 4153 ,erogitabanturomnos
1738 4065 1812 4142 ejus

406 4165 652 4244 lraudesatque
673 4160 828 4226 fallaciae.
851 4165 946 4236 Orat
962 4163 1213 4254 assimitatus
1231 4178 1356 4233 orator.
1364 4163 1635 4253 Gloposllledit.
1657 4171 1700 4232 ad
1715 4168 1814 4254 Quir.

404 4289 553 4332 eausam
572 4275 722 4331 senatus
743 4263 991 4352 improbarunt
1013 4266 1252 4336 concionibus
1271 4270 1509 4365 exagitatam.
1551 4277 1618 4342 Sed
1650 4285 1718 4359 cst,
1748 4275 1813 4356 qui
