4108 4976
415 385 489 481 aot

411 573 534 644 sunus.
546 578 814 643 -declaratun
834 591 875 638 ex
894 571 1174 638 antecedentibus
1194 569 1364 638 tribunus
1384 581 1433 642 est
1453 577 1693 662 supplendum.
1715 581 1762 646 ab
1772 603 1816 650 eo

411 682 646 774 magistratu.
667 683 690 745 i.
712 701 742 750 e.
765 700 806 744 eo
822 678 1021 765 magistratu
1041 677 1188 744 iunctus.
1212 680 1403 746 tribunatus
1431 684 1571 767 proprie
1598 686 1816 772 magistratus

412 790 483 853 dici
506 811 577 854 non
595 796 718 873 potest,
752 787 812 850 sed
833 805 911 848 cum
932 783 1023 847 inter
1042 784 1173 868 primos
1190 788 1316 870 gradus
1334 788 1506 851 honorum
1528 801 1630 876 esset,
1661 794 1727 858 hoc
1749 813 1815 858 no·

386 896 505 958 minc
525 905 644 957 auctor
662 911 742 956 rasus
764 879 822 956 est'.
845 886 884 955 in
903 887 1159 976 potestatibus.
1181 911 1308 955 nomen
1330 911 1512 958 commune
1531 896 1689 960 omnium
1702 873 1813 984 meki,

409 1009 584 1064 stratuum.
606 995 675 1060 Cic.
687 997 804 1082 Agrar.
818 1013 846 1063 a.
863 1000 910 1059 ι3.
931 1018 1013 1060 cum
1036 1017 1158 1061 omnes
1172 1004 1394 1082 potestates,
1415 995 1581 1082 imperia,
1601 1000 1812 1072 curationes

313 1101 315 1106 ’
409 1103 629 1170 abuniverso
645 1105 784 1186 populo
806 1103 975 1168 Romano
990 1097 1179 1185 proficisci
1197 1103 1371 1168 convenit.
1391 1107 1496 1189 Legg.
1508 1107 1573 1168 XII
1586 1109 1669 1170 Tab.
1681 1103 1809 1172 nima-

399 1208 470 1302 jor
483 1215 652 1292 potestas
665 1203 897 1291 prohibe-rsit.
917 1206 978 1270 cir.
998 1227 1100 1291 supra
1122 1222 1167 1283 ι4.
1198 1203 1237 1270 in
1265 1204 1416 1292 imperio
1445 1219 1573 1295 vestro,
1593 1223 1627 1275 et
1651 1212 1742 1278 infra
1758 1230 1808 1297 74.

408 1317 478 1378 Cat.
493 1332 521 1376 a.
541 1323 574 1379 et
593 1317 642 1378 δι.
669 1312 831 1378 similiter
854 1311 927 1375 Liv.
947 1327 997 1388 aa.
1015 1329 1062 1374 ra.
1093 1309 1133 1375 in
1158 1308 1398 1377 seditionibus
1424 1313 1511 1379 suis.
1531 1320 1582 1393 34.
1597 1320 1625 1381 5.
1648 1313 1687 1382 in
1708 1317 1810 1385 navis

406 1414 738 1486 administratione.
768 1433 798 1478 a.
814 1418 863 1480 58.
890 1417 1012 1480 eadem
1039 1414 1078 1480 in
1106 1413 1241 1482 militia
1261 1410 1413 1483 saevitia
1435 1417 1560 1504 Appii.
1586 1422 1674 1488 inest
1695 1424 1733 1487 in
1753 1425 1808 1490 his

406 1525 641 1592 locutionibus
661 1522 803 1605 quidam
821 1521 1036 1604 antiquitatis
1056 1522 1161 1586 color.
1182 1519 1370 1605 ampliore.
1389 1523 1439 1587 ita
1459 1545 1578 1592 omnes
1597 1527 1692 1591 libri.
1717 1532 1808 1612 apud

406 1633 562 1696 Gortium
582 1651 696 1696 errore
715 1628 937 1693 librariorum
962 1627 1089 1691 factum
1109 1646 1181 1690 esse
1197 1627 1349 1712 ridetur,
1376 1640 1414 1692 ut
1434 1628 1576 1724 majore
1594 1633 1808 1698 scriberetur.

404 1737 508 1800 multi
530 1739 662 1800 addunt
680 1736 829 1799 nonore.
850 1754 891 1799 ex
910 1735 1051 1820 gulten.
1063 1747 1093 1809 4.
1114 1735 1189 1799 Vat.
1206 1755 1232 1794 ι.
1248 1739 1276 1798 3.
1291 1735 1321 1797 5.
1342 1731 1472 1822 dignus
1490 1745 1553 1802 eto.
1572 1740 1714 1801 eandem
1727 1759 1807 1804 sen-

405 1844 549 1908 tentiam
585 1841 675 1904 Plin.
696 1844 890 1924 Epp.a.13.
923 1839 973 1902 ita
999 1839 1178 1923 expressit:
1218 1835 1329 1904 multi
1356 1840 1440 1904 dum
1475 1842 1620 1925 priores
1650 1844 1808 1911 honores

404 1944 608 2038 accpiunt,
623 1951 817 2031 proximos
844 1965 1004 2028 quosque
1024 1954 1220 2010 merentur.
1234 1985 1275 2000 -
1287 1946 1340 2009 ad
1356 1947 1397 2010 id
1412 1949 1590 2017 Iocorum.
1611 1948 1635 2016 i.
1655 1969 1684 2012 c.
1706 1937 1754 2014 ad
1767 1949 1808 2014 id

403 2064 546 2139 tempus.
562 2053 643 2117 ride
657 2051 748 2116 inira
762 2073 812 2133 7²·
830 2070 945 2132 neque
967 2058 1055 2135 post
1075 2046 1117 2114 id
1132 2053 1299 2116 Iocorum
1318 2052 1535 2140 Jugurthoe
1555 2049 1628 2116 dies
1648 2062 1717 2117 aut
1731 2075 1807 2118 nox

403 2162 483 2224 ulla
514 2154 638 2242 quieta
657 2152 752 2243 suit.
781 2155 842 2219 eir.
856 2156 931 2224 Lir.
946 2173 995 2238 27.
1012 2179 1041 2239 7.
1063 2164 1097 2222 et
1115 2157 1267 2221 Gronov.
1288 2159 1333 2220 ad
1358 2159 1451 2220 hunc
1468 2158 1593 2252 lorum.
1616 2158 1691 2221 Liv.
1705 2159 1804 2235 aaa

402 2268 512 2332 Plaut.
527 2265 639 2329 Casio.
658 2285 684 2326 1.
705 2287 731 2330 ι.
748 2269 799 2327 3ο.
818 2265 956 2332 Trucul.
973 2269 1003 2327 3.
1022 2285 1049 2325 1.
1071 2265 1118 2326 15.
1139 2260 1228 2327 talis
1249 2259 1540 2352 vin-oppetere
1552 2284 1627 2329 non
1638 2266 1806 2332 audebat.

402 2370 513 2438 etiam
535 2383 598 2438 etc.
629 2373 679 2436 ita
709 2370 794 2434 libri
812 2370 916 2455 longe
937 2366 1090 2452 plurimi.
1122 2388 1163 2432 ex
1179 2389 1230 2451 gr.
1259 2369 1351 2432 Med.
1366 2383 1396 2436 a.
1409 2384 1438 2444 4.
1456 2389 1484 2450 7.
1499 2370 1527 2430 s.
1544 2389 1592 2432 ro.
1620 2371 1804 2438 Barb.a.5.
1878 2359 1884 2368 ’

401 2482 485 2545 Van.
500 2495 531 2556 4.
552 2483 627 2545 Vnt.
647 2501 675 2541 ι.
691 2503 717 2540 a.
734 2481 764 2540 3.
793 2473 878 2538 Min.
894 2497 923 2540 a.
952 2475 1015 2538 alii
1042 2473 1111 2538 alia
1139 2482 1282 2542 mutant.
1304 2483 1431 2558 petere
1447 2485 1497 2540 est
1518 2475 1555 2537 in
1572 2477 1647 2543 Vat.
1663 2480 1692 2540 3.
1712 2479 1806 2546 solus

401 2588 477 2652 Vnt.
495 2599 524 2660 4.
554 2585 787 2649 consulatum
815 2579 944 2647 omittit
970 2587 1004 2643 et
1029 2581 1207 2663 vulgatum
1233 2582 1418 2644 verborum
1444 2581 1602 2645 ordinem
1623 2591 1742 2648 servat.
1771 2593 1805 2649 et

402 2691 634 2754 consulatum
655 2689 794 2769 quidem
822 2687 916 2748 haud
942 2683 1047 2746 dubie
1073 2684 1281 2760 ejiciendum
1303 2692 1361 2748 est.
1374 2693 1501 2767 petere
1518 2686 1659 2753 fortasse
1679 2689 1803 2756 rectius

397 2796 577 2879 scribitur,
609 2797 703 2876 quod
729 2795 767 2857 in
790 2794 917 2856 talibus
937 2788 1130 2853 orationem
1149 2787 1283 2851 variare
1305 2807 1326 2851 a
1346 2789 1486 2852 Salustii
1506 2811 1602 2856 more
1631 2795 1802 2872 abhorret,

397 2911 434 2966 et
452 2904 571 2965 eadem
591 2920 656 2963 vox
682 2899 720 2961 in
743 2897 899 2980 sequenti
919 2895 1030 2978 capite
1050 2891 1208 2958 occurrit.
1235 2889 1335 2958 talis.
1354 2915 1420 2960 vox
1439 2895 1554 2960 media
1571 2898 1665 2978 cujus
1688 2899 1741 2964 vis
1762 2919 1804 2972 ex

398 3006 554 3090 proxime
573 3003 852 3068 antecedentibus
873 3001 1131 3084 interpretanda
1150 3008 1209 3063 est.
1225 2999 1336 3084 plebs.
1358 3021 1398 3064 ex
1413 3003 1711 3088 sequentibusper
1724 3027 1802 3072 rna.

399 3131 469 3174 nus
489 3111 659 3175 tradebat
680 3110 776 3172 aliud
794 3112 970 3190 quoddam
989 3108 1133 3170 verbum
1156 3104 1363 3172 eliciendum
1385 3116 1450 3184 est,
1476 3107 1567 3171 illud
1584 3109 1676 3174 enim
1691 3113 1735 3174 ad
1748 3131 1802 3176 so·

397 3217 469 3280 lam
492 3216 664 3280 nobilium
681 3224 883 3298 potestatem
908 3214 1145 3282 illustrandam
1166 3215 1326 3299 pertinet.
1347 3213 1464 3278 sedda
1484 3213 1586 3297 plebe
1599 3236 1727 3302 gerere
1745 3218 1801 3282 vel

399 3317 563 3403 accipere
584 3320 709 3384 rectius
728 3317 865 3382 dicitur.
880 3319 1011 3381 clarus
1031 3339 1146 3400 neque
1161 3329 1237 3380 tom
1259 3314 1413 3408 egregiis
1422 3312 1546 3405 sactis
1567 3328 1658 3383 erat.
1678 3322 1802 3406 saepius

399 3426 442 3486 de
460 3428 524 3487 hac
537 3435 705 3488 structura
725 3435 853 3489 mutata
874 3433 924 3488 est
935 3422 1116 3491 monitum.
1138 3422 1197 3486 cir.
1219 3444 1321 3507 supra
1339 3444 1367 3486 c.
1383 3425 1434 3486 61.
1453 3423 1601 3505 inira95.
1622 3429 1713 3490 etad
1729 3429 1799 3496 Cat.

399 3547 427 3589 c.
452 3531 498 3590 ιθ.
515 3531 692 3610 pollutus.
715 3527 739 3590 i.
761 3549 790 3597 a.
808 3529 928 3596 sceleri
948 3530 1208 3594 contaminatus.
1230 3529 1290 3594 cir.
1307 3531 1424 3596 Seuer.
1442 3531 1542 3594 Herc.
1560 3531 1637 3594 Fur.
1661 3533 1744 3594 1261.
1765 3539 1800 3596 et

396 3633 556 3718 Jugurtb.
576 3633 624 3696 15.

478 3742 555 3822 Cap.
580 3740 694 3804 LXlV.
715 3760 787 3821 quo
805 3735 947 3824 cupido.
970 3763 1041 3825 quo
1059 3741 1200 3824 antique
1221 3741 1351 3806 dictum
1371 3763 1435 3828 pro
1453 3742 1506 3818 ad
1525 3742 1630 3825 quod.
1651 3741 1712 3811 cir.
1729 3742 1798 3806 Cio.

397 3857 461 3926 pro
481 3845 562 3908 Coel.
578 3862 627 3908 ar.
653 3843 748 3909 dixit
762 3841 952 3936 profecto,
984 3868 1056 3928 quo
1082 3849 1183 3910 vellet
1205 3868 1347 3910 aurum.
1374 3851 1459 3917 Hor.
1480 3849 1546 3910 Sat.
1565 3872 1590 3910 r.
1609 3869 1634 3908 1.
1650 3853 1699 3928 73.
1721 3868 1797 3911 nea·

396 3944 465 4028 ais,
487 3967 558 4028 quo
580 3950 697 4011 valeat
717 3971 899 4034 nummus,
922 3973 1024 4032 quem
1035 3951 1620 4035 praebeatusum.-peterenullo
1635 3973 1715 4016 casu
1736 3955 1797 4016 ad-

396 4054 470 4118 dito
493 4052 562 4114 cic.
582 4054 664 4134 Epp.
687 4057 753 4115 Att.
776 4077 842 4118 ur.
873 4053 1090 4119 missionem.
1122 4056 1326 4119 vocabulum
1341 4057 1531 4140 proprium.
1550 4057 1630 4121 ride
1648 4058 1728 4144 Dig.
1746 4073 1796 4140 49.

398 4161 446 4222 ra.
459 4161 507 4224 16.
523 4167 555 4221 at
567 4156 707 4242 Ulpian.
720 4161 749 4220 3.
766 4177 794 4226 a.
810 4176 838 4220 a.
851 4159 1084 4242 superabant.
1097 4160 1201 4243 idem,
1214 4164 1307 4242 quod
1316 4181 1418 4245 supra
1429 4162 1525 4228 dixit:
1539 4164 1676 4226 abunde
1688 4170 1795 4228 erant.

395 4260 556 4328 videLir.
568 4269 599 4331 3.
615 4283 664 4345 ¹7·
685 4271 892 4336 contemtor
903 4263 1058 4330 animus.
1078 4261 1158 4330 vide
1175 4283 1247 4351 cap.
1263 4267 1416 4332 anteced.
1436 4265 1796 4334 animuseictor.alia
