4108 4976
1598 407 1666 478 502

374 607 454 688 Cap.
473 604 558 666 LXI.
588 620 655 665 sao
678 602 772 665 loco.
792 597 873 662 vide
893 617 995 682 supra
1015 615 1087 681 cap.
1105 599 1154 674 54.
1177 606 1220 663 et
1230 595 1316 686 jam
1336 608 1523 664 aestatem.
1553 609 1589 664 et
1602 619 1682 667 om.

273 710 366 773 Flor.
384 715 414 776 3.
438 709 482 771 ab
504 729 542 770 sc
564 697 785 795 defecerant.
807 704 855 765 ita
876 703 980 788 longe
999 703 1144 787 plurimi
1167 706 1275 768 Codd.
1296 710 1355 770 sed
1377 725 1449 769 nou
1470 713 1519 768 est
1540 706 1685 770 dubium

273 815 380 878 adse
401 833 472 876 esse
493 813 693 897 legendum3
723 808 777 872 vel
800 809 857 872 hic
877 809 984 894 igitur
1006 811 1103 874 loeus
1124 811 1323 874 testimonio
1344 821 1416 893 est,
1432 810 1504 888 jam
1527 830 1547 872 a
1565 811 1686 894 priscis

273 918 514 982 Grammaticis
543 916 652 980 multa
678 931 750 977 esse
781 922 919 976 mutata.
946 913 1019 996 ipse
1046 915 1141 978 euim
1163 915 1356 978 Priscianus
1377 918 1470 978 hunc
1490 916 1606 978 locum
1629 935 1688 980 ex·

271 1025 394 1108 plicat:
417 1019 482 1104 qui
500 1007 524 1086 a
547 1017 928 1109 regedesciverant.-
937 1016 1127 1101 praesidia
1149 1017 1316 1104 imponit.
1336 1040 1457 1084 omnes
1468 1021 1577 1084 nostri
1592 1021 1685 1084 libri.

273 1131 366 1212 apud
385 1127 556 1209 Cortium,
578 1127 697 1209 credo,
717 1145 779 1208 per
798 1123 1045 1210 negligentiam
1063 1122 1288 1206 praesidium
1311 1126 1402 1210 typis
1423 1146 1626 1210 expressum.
1647 1123 1688 1190 in
1721 1139 1725 1146 '

268 1228 508 1318 provinciam.
533 1231 582 1293 ita
601 1231 685 1294 libri
707 1230 811 1315 longe
830 1228 987 1312 plurimi.
1005 1229 1086 1293 vide
1108 1225 1202 1292 infra
1220 1249 1293 1313 cap.
1312 1248 1379 1292 rra.
1409 1239 1442 1293 et
1464 1251 1539 1311 quae
1559 1232 1603 1292 ad
1624 1231 1688 1290 Ca-

273 1339 410 1410 tilinam
442 1356 514 1421 cap.
532 1357 566 1398 ιι
592 1345 625 1400 ει
647 1357 694 1416 19·
729 1335 963 1419 exposuimus.
989 1333 1048 1397 cfr.
1079 1334 1182 1398 etiam
1212 1336 1303 1418 apud
1332 1337 1490 1398 Plautum
1514 1335 1590 1397 Aul.
1611 1350 1642 1411 4.
1657 1337 1686 1397 8.

209 1495 213 1505 s
275 1447 304 1506 6.
327 1444 512 1508 collocare
530 1463 568 1505 se
590 1437 629 1505 in
651 1441 831 1525 arborem,
858 1449 892 1502 ει
913 1442 1004 1503 Μειι.
1021 1443 1049 1504 5.
1064 1443 1093 1502 6.
1108 1442 1157 1506 all.
1187 1461 1270 1504 vasa
1299 1448 1335 1503 et
1358 1460 1477 1504 servos
1499 1439 1536 1502 in
1567 1439 1691 1504 taber·

275 1556 589 1612 nam.-aeterum
603 1542 813 1610 exercitum.
835 1545 858 1607 i.
880 1565 909 1609 e.
930 1546 1100 1628 reliquam
1121 1555 1254 1631 partem
1275 1545 1450 1610 exercitus.
1472 1543 1532 1607 cfr.
1552 1546 1623 1607 Cat.
1639 1546 1688 1608 5ι.

275 1650 348 1718 rita
371 1660 491 1716 cetera
516 1672 652 1715 eorum.
673 1660 706 1713 ει
723 1653 771 1730 59.
794 1659 951 1715 ceterum
974 1650 1186 1715 exercitum.
1206 1652 1298 1712 infra
1312 1671 1362 1731 92.
1391 1639 1548 1715 ceteram
1564 1646 1689 1732 plani-

275 1752 696 1839 tiem.-quaeproxima
711 1753 979 1820 estNumidiae.
1000 1757 1074 1816 haec
1094 1756 1282 1836 suppositia
1298 1755 1432 1818 Cortius
1453 1753 1586 1836 habuit,
1607 1755 1690 1836 quia

274 1863 362 1926 alibi
381 1861 548 1924 Salustius
568 1857 782 1942 provinciam
805 1856 881 1920 sine
900 1859 967 1919 hoc
987 1858 1224 1922 additamento
1251 1867 1506 1923 commemoret.
1534 1856 1593 1920 clr.
1615 1879 1689 1943 cap.

277 1971 324 2030 ιδ.
347 1975 381 2030 et
403 1967 452 2028 25.
485 1967 544 2028 sed
573 1967 640 2028 hoc
667 1963 779 2046 ipsum
802 1979 880 2026 eum
902 1965 1025 2026 docere
1046 1964 1177 2046 potuit,
1205 1964 1307 2028 aliter
1332 1967 1405 2028 haec
1431 1965 1690 2046 interpretanda

274 2086 355 2137 esse.
378 2069 509 2134 scilicet
529 2067 809 2153 comprovinciale
829 2077 960 2151 partem
981 2077 1101 2131 auctor
1120 2068 1300 2152 intelligit,
1321 2083 1398 2150 quae
1415 2067 1586 2132 Numidiae
1607 2086 1688 2150 pro-

274 2177 368 2241 xima
388 2187 476 2258 erat,
508 2185 545 2237 ιιι
568 2173 704 2237 facilius
726 2194 767 2237 ex
787 2173 999 2258 propinquo,
1034 2174 1119 2254 quid
1140 2176 1254 2237 hostes
1275 2182 1431 2259 agerent,
1462 2173 1689 2254 explorarent.

274 2282 368 2344 hunc
388 2301 524 2345 sensum
544 2289 582 2342 ut
603 2273 755 2344 efficeret
776 2278 865 2342 Edit.
886 2279 957 2363 Bip.
987 2279 1181 2342 emendavit
1202 2300 1286 2361 qua.
1321 2282 1380 2342 sed
1410 2280 1475 2340 hac
1495 2277 1689 2356 conjectura

277 2406 348 2449 nou
369 2406 456 2468 opus
477 2393 535 2448 est.
566 2381 601 2448 si
616 2385 849 2472 Jugurtlzam
870 2382 949 2450 sibi.
971 2385 1057 2448 Min.
1073 2402 1100 2446 a.
1132 2393 1302 2448 necatum
1326 2381 1547 2448 tradidisset.
1568 2384 1640 2446 Vat.
1659 2384 1689 2444 5.

277 2490 339 2572 qui
360 2491 452 2553 liber
472 2512 548 2554 cum
570 2511 610 2556 ex
629 2491 770 2574 optimis
796 2491 856 2578 sit,
892 2511 1086 2576 pronomen
1124 2489 1351 2556 omittendum
1386 2509 1458 2552 esse
1489 2496 1610 2553 statuo.
1641 2485 1689 2547 ita

276 2596 380 2661 etiam
393 2597 482 2660 inira
497 2597 718 2682 traderetur,
738 2599 837 2662 nullo
854 2618 930 2662 casu
954 2600 1085 2682 addito,
1106 2608 1298 2683 usurpatur.
1320 2590 1512 2680 metuenti,
1531 2615 1587 2658 ae.
1606 2611 1690 2655 con-

271 2701 380 2780 junct.
409 2723 477 2766 om.
510 2701 605 2764 Eich.
634 2703 852 2770 consentiunt
884 2705 987 2768 multi
1018 2705 1170 2768 Cottiani
1192 2704 1292 2787 libri,
1321 2706 1380 2767 sed
1408 2706 1554 2765 duarum
1581 2696 1691 2780 parti-

276 2807 432 2868 cularum
462 2807 666 2891 compositio
699 2809 860 2872 librarios
889 2805 1073 2872 offendisse
1102 2809 1250 2870 videtur.
1289 2811 1382 2890 apud
1414 2807 1566 2884 reliquos
1595 2798 1688 2862 enim

276 2910 458 2993 scriptores
478 2911 579 2987 hujus
599 2920 776 2974 structurae
797 2913 935 2975 nullum
958 2913 1151 2994 exemplum
1173 2910 1325 2974 inveniri
1344 2929 1443 2994 posse
1463 2918 1558 2992 puto.

261 3035 265 3042 ’
359 3017 437 3097 Cap.
459 3016 560 3077 LXII.
582 3003 777 3098 apportare.
788 3011 883 3104 suit.
904 3016 1047 3078 verbum
1070 3019 1161 3078 Cort.
1191 3014 1327 3097 delevit,
1348 3016 1441 3094 quod
1464 3014 1502 3074 in
1523 3010 1689 3074 Commel.

278 3127 311 3185 el
331 3118 460 3195 Bodlcj·
484 3119 648 3182 omissum
669 3129 727 3182 est.
748 3119 860 3182 nostri
880 3120 964 3182 libri
982 3120 1034 3180 nil
1054 3119 1205 3200 variant,
1233 3117 1300 3180 nisi
1321 3118 1415 3198 quod
1425 3111 1511 3204 suit
1533 3136 1615 3198 opp.
1638 3122 1689 3180 est

210 3248 213 3253 ·
278 3223 317 3292 in
337 3225 426 3287 Flor.
441 3228 470 3285 5.
501 3231 533 3285 ct
562 3225 652 3286 Med.
670 3245 699 3291 ι.
722 3219 887 3304 primam
916 3223 1080 3288 omissum
1108 3223 1146 3286 in
1175 3225 1331 3287 Medm.
1360 3220 1495 3304 optime
1523 3217 1688 3284 merenti.

277 3330 351 3393 haec
371 3328 587 3412 praestantior
607 3327 711 3392 lectio
735 3347 805 3392 esse
825 3329 977 3410 videtur,
1011 3330 1105 3410 quod
1126 3330 1219 3390 haud
1246 3325 1347 3390 facile
1374 3325 1595 3411 explicueris,
1628 3345 1689 3396 cur

279 3431 442 3518 meritae,
463 3436 557 3515 quod
579 3435 616 3496 iu
638 3435 800 3519 plurimis
811 3433 912 3497 libris
933 3443 1001 3517 est,
1022 3443 1189 3496 mutatum
1204 3431 1324 3509 fuerin
1344 3434 1434 3495 Part.
1445 3449 1592 3516 praeseus
1606 3449 1689 3492 con·

278 3547 359 3623 tra,
379 3559 449 3622 quo
470 3540 579 3625 magis
600 3550 671 3605 erat
692 3540 892 3624 insolitum,
921 3560 962 3603 eo
992 3539 1129 3600 facilius
1142 3559 1228 3601 cum
1258 3537 1399 3622 vulgato
1420 3536 1546 3598 mutari
1564 3535 1688 3618 potuit.

280 3654 429 3710 ceterum
451 3648 659 3730 notandum,
687 3648 782 3728 quod
803 3644 952 3708 maxime
971 3643 1202 3706 Salustianum
1222 3651 1289 3726 est,
1316 3637 1471 3705 merenti
1489 3639 1588 3701 nullo
1609 3657 1687 3702 casu

281 3750 399 3814 addito
421 3770 441 3812 a
462 3750 627 3832 scriptore
647 3750 799 3833 positum
820 3767 908 3826 esse3
929 3747 1175 3830 simile,quod
1194 3748 1446 3830 supradictum
1468 3753 1553 3806 erat:
1571 3739 1705 3807 maai·

281 3873 341 3918 ma
358 3849 635 3942 copiasallendi
645 3861 932 3934 eran—captos,
954 3853 1102 3916 occisos.
1125 3855 1322 3935 Asyndeton
1342 3849 1486 3934 plurImi
1506 3846 1591 3910 libri
1604 3868 1687 3912 con-

280 3958 429 4026 firmant.
462 3967 529 4022 aut
560 3959 785 4042 interponunt
818 3960 892 4023 Vat.
908 3974 938 4022 a.
954 3959 983 4018 5.
1014 3959 1098 4020 Ven.
1123 3978 1150 4018 1.
1182 3957 1272 4018 Med.
1300 3975 1347 4015 ιι.
1386 3961 1422 4017 et
1461 3973 1538 4020 occ.
1568 3956 1685 4018 vaca.

280 4065 364 4132 Ven.
381 4070 410 4127 3.
424 4081 455 4140 4.
474 4066 569 4145 quod
591 4073 624 4128 ct
646 4064 758 4146 ipsum
779 4069 828 4125 est
848 4063 1070 4143 documento,
1091 4060 1214 4144 saepius
1235 4059 1395 4124 meliores
1416 4057 1684 4121 librosdetcrio-⁸

281 4189 335 4234 res
355 4170 520 4235 lectiones
541 4167 639 4232 tueri.
660 4175 795 4231 careat.
816 4167 865 4230 ita
884 4185 1002 4228 omues
1022 4164 1121 4246 libri,
1142 4184 1229 4246 quos
1248 4164 1408 4246 equidem
1430 4161 1571 4244 inspexi.
1592 4164 1698 4244 aputl.

284 4275 582 4348 [lortiumerrose
595 4272 723 4339 lactum
743 4290 816 4340 esse
834 4271 997 4356 videtur,
1013 4279 1051 4333 ut
1064 4277 1212 4336 caveret
1234 4269 1324 4354 typis
1345 4267 1601 4352 exprimeretur.
1633 4267 1702 4332 lev,-
