4116 4970
1610 409 1656 488 77

251 571 357 668 festu
368 571 534 668 suerint«,
552 578 598 644 id.
616 577 706 646 Phil.
728 596 844 644 rouo.
866 569 1009 657 Gallio,
1030 593 1140 658 quom
1159 566 1233 638 sibi
1249 567 1365 638 armis
1384 568 1587 662 euentuque
1605 572 1660 644 in·

250 677 391 772 sestam
414 677 671 768 inimicumque
691 680 871 774 cognorit.
892 681 954 744 cfr.
974 683 1070 747 Verr.
1085 683 1115 743 3.
1135 681 1164 747 5.
1186 687 1267 762 ctq.
1288 699 1371 765 cap.¹
1384 683 1434 745 55.
1459 690 1561 764 atque
1579 686 1661 749 satis

258 794 337 870 apta
357 787 429 852 haec
444 788 618 866 junctura.
638 809 718 852 nam
738 783 803 870 qui
809 781 936 871 instat,
949 784 1110 872 Nigidius
1127 783 1258 870 inquii,
1279 782 1396 850 alicui
1414 807 1662 872 eumquepro·

252 873 539 986 peronslurpet,
567 887 841 976 opprimereque
864 911 946 954 eum
971 891 1096 955 studet
1104 883 1365 978 festinatque,
1397 884 1553 980 infestus
1573 891 1662 956 dici·

260 1004 326 1057 tur.
346 993 406 1056 cfr.
429 996 517 1060 Geli,
532 1017 561 1075 9.
579 1013 627 1058 ια.
646 993 809 1058 inimicus
828 992 937 1080 igitur
955 992 1101 1082 infestus
1120 991 1308 1076 cupiditate
1329 990 1468 1056 inimici
1485 996 1663 1084 evertendi

261 1103 389 1184 flagrat,
404 1099 478 1178 jam
501 1095 689 1164 inimicum
697 1117 771 1164 esse
786 1119 865 1162 cum
878 1095 995 1162 dativo
1011 1097 1181 1177 junctum,
1201 1104 1239 1159 ut
1250 1095 1368 1160 hostis.
1382 1096 1442 1162 cir.
1453 1097 1523 1162 Cic.
1533 1101 1576 1165 de
1586 1101 1662 1170 Fir.

258 1185 354 1266 ’5.ιο.
375 1199 446 1270 sihi
465 1199 652 1269 inimicum
673 1211 787 1286 atque
804 1204 953 1292 hostem.
980 1205 1118 1290 Terent.
1138 1204 1222 1292 Heu.
1237 1205 1266 1266 5.
1282 1220 1313 1266 s.
1327 1207 1378 1266 23.
1411 1213 1529 1287 nupta
1550 1227 1663 1270 mere-

261 1305 351 1372 trici
370 1291 611 1374 hostis'ese-
634 1329 744 1390 quom
759 1310 899 1393 plures.
918 1307 1024 1393 longe
1041 1305 1187 1393 plurimi
1205 1305 1300 1370 libri.
1319 1311 1524 1393 complures
1537 1327 1579 1373 ex
1595 1312 1664 1376 lu-

259 1413 337 1475 licis
359 1415 464 1477 Codd.
484 1413 579 1478 solus
597 1412 688 1480 Flor.
708 1415 738 1476 6.
768 1421 885 1478 utrum
910 1411 1027 1477 verius
1054 1411 1119 1495 sit,
1147 1412 1243 1476 haud
1272 1412 1374 1478 facile
1400 1412 1664 1500 dijudicaveris,

260 1538 338 1581 cum
362 1519 567 1601 complures
586 1518 711 1603 saepius
733 1519 965 1602 quamplures
984 1516 1154 1583 scribatur
1175 1527 1208 1582 et
1229 1515 1330 1582 facile
1345 1521 1590 1602 quamplures
1609 1517 1664 1581 iu·

260 1625 304 1686 de
324 1621 409 1686 oriri
431 1621 593 1706 potuerit.
624 1624 674 1687 Ac
693 1622 783 1686 mihi
803 1622 945 1706 quidem
964 1625 1123 1690 noudum
1142 1641 1341 1708 persuasum
1358 1629 1417 1708 est,
1432 1643 1542 1704 quom
1556 1632 1594 1686 ut
1608 1642 1665 1686 su·

258 1727 427 1812 perlativo
449 1736 483 1792 et
496 1727 647 1813 positivo
663 1726 713 1791 ita
731 1726 964 1813 comparativo
987 1747 1086 1814 posse
1106 1727 1280 1812 preponi,
1301 1735 1339 1791 ut
1360 1726 1517 1806 ejusrim
1531 1737 1665 1814 augeat.
1739 1805 1742 1812 Δ

259 1833 343 1917 Quae
364 1831 458 1898 euim
476 1832 663 1898 laudantur
692 1833 898 1918 scriptorum
920 1833 1019 1898 loca:
1039 1833 1150 1896 Plaut·
1169 1831 1273 1900 Stich.
1296 1853 1324 1894 ι.
1339 1835 1370 1894 ³.
1383 1833 1435 1908 45.
1454 1833 1592 1908 renen,
1606 1834 1666 1896 Sa·

260 1923 392 2020 tyreu.
416 1945 450 2002 et
480 1937 556 2022 ipsa
583 1937 699 2003 dubie
728 1937 813 2004 fidei
840 1943 930 2002 sunt.
971 1939 1020 2002 Er
1047 1957 1089 2003 co
1115 1935 1231 2022 erim,
1262 1938 1358 2019 quod
1394 1957 1505 2018 quom
1541 1936 1667 2022 sapius

266 2044 441 2125 multum,
464 2043 566 2107 valde
578 2042 766 2128 significat,
786 2040 847 2106 cir.
866 2041 1154 2126 Cic.Ep.11.Div.
1172 2063 1221 2102 n.
1240 2045 1294 2103 13:
1314 2040 1436 2114 «Nam
1456 2058 1544 2104 suos
1564 2041 1667 2105 oulde

263 2145 655 2228 quampoucochubet”
677 2149 816 2210 ctVerr.
832 2149 861 2210 5.
877 2147 928 2208 88.
937 2141 1118 2236 fecerunt
1137 2140 1208 2207 olii
1226 2141 1304 2206 alia
1327 2162 1436 2226 quum
1456 2145 1664 2228 multa,cti·

260 2266 316 2310 am
337 2269 414 2311 cum
436 2249 667 2334 comparativo
689 2249 854 2336 conjungi
871 2267 972 2334 posse
989 2247 1049 2312 rix
1070 2243 1205 2312 efficias.
1235 2247 1301 2311 Sed
1322 2245 1361 2308 iu
1382 2254 1433 2310 tot
1454 2249 1562 2320 codd.
1584 2267 1666 2312 con·

260 2372 362 2416 sensu
385 2353 475 2440 nihil
493 2361 631 2424 ¹mutare
650 2373 751 2418 ausus
770 2373 857 2420 sum.
877 2349 917 2447 in
932 2346 1174 2438 provinciam.
1194 2351 1400 2442 confirmant
1419 2351 1536 2438 plures
1557 2355 1665 2418 Codd.

260 2441 384 2520 Italici.
397 2453 435 2521 in
444 2454 649 2542 provincia.
671 2442 761 2524 Med
776 2477 806 2522 o.
820 2462 850 2525 6.
869 2461 944 2528 vu.
962 2481 989 2526 1.
1001 2475 1032 2540 4.
1049 2461 1077 2524 5.
1098 2459 1190 2524 Flor.
1204 2463 1233 2522 5.
1248 2479 1280 2540 9.
1299 2460 1359 2523 sed
1368 2457 1580 2543 superiorem
1596 2458 1668 2522 lec·

260 2561 391 2627 tionem
412 2583 484 2627 esse
503 2551 751 2647 preferendam
772 2563 875 2631 facile
898 2547 1079 2656 putareris»
1112 2547 1226 2648 sieque
1251 2573 1365 2626 tamen
1392 2563 1432 2626 in
1452 2562 1667 2646 provinciam

260 2688 337 2730 cum
358 2669 472 2732 verbis
492 2663 726 2757 iterfaciens
740 2668 969 2756 jungendum.
990 2651 1069 2732 Piso
1089 2665 1183 2732 enim
1204 2687 1288 2751 non,
1308 2667 1436 2732 cumin
1451 2665 1668 2752 provinciam

259 2773 542 2858 proficisceretur,
563 2776 623 2852 sed
644 2774 681 2838 in
693 2771 956 2859 ipsaprorincia
976 2791 1080 2840 caesus
1100 2781 1159 2844 est.
1180 2771 1241 2836 cfr.
1263 2773 1429 2836 Diocass.
1448 2776 1499 2835 36.
1520 2793 1594 2856 cap.
1616 2796 1668 2854 27·

259 2875 325 2947 insi
344 2877 375 2946 θ’
389 2869 443 2948 ivr
462 2876 515 2946 nsi
533 2873 607 2951 det
630 2878 722 2946 niem
742 2876 919 2973 idpaerin'lo
939 2873 1074 2958 ὄφοβᾶθη
1093 2904 1128 2942 τι
1148 2877 1166 2942 si
1187 2875 1356 2971 γερουσία,
1382 2873 1430 2958 μί
1452 2875 1481 2947 'is
1501 2873 1668 2972 cosingi&

261 2981 313 3050 cai
333 2977 425 3058 sidric
445 2978 531 3056 uu'lir
550 2978 729 3078 ieissnpien
760 2978 935 3078 regioque,
963 2979 1002 3054 e‘e
1022 2976 1075 3048 ssi
1094 2975 1143 3048 ὄπ’
1162 2974 1368 3074 αἶςχίνΊινα,
1399 2973 1531 3064 insule·
1572 2977 1668 3046 Kaie‘

260 3081 319 3172 pir
339 3083 472 3158 letalde
491 3079 552 3152 sini
567 3083 622 3153 ‘leis
641 3083 813 3181 ι’πιχωςίων
832 3080 977 3158 eiiisiecu
992 3083 1021 3156 ‘lt
1042 3077 1161 3156 adluit,
1180 3077 1310 3168 lcqtyn.
1331 3079 1524 3148 etruscon.
1537 3084 1670 3149 Gomm.

262 3189 320 3250 Or.
342 3189 411 3252 Cic.
431 3190 515 3274 Tog.
537 3187 642 3250 Cand.
662 3207 740 3272 pag.
756 3187 823 3249 16².
854 3186 1014 3253 Piso
1047 3181 1086 3248 in
1106 3180 1296 3268 Hispania
1311 3183 1478 3270 perierat
1499 3231 1565 3269 ,..
1603 3186 1683 3251 ibi·-

262 3315 340 3380 que,
361 3295 447 3356 dum
468 3288 628 3383 injurias
643 3285 932 3378 provincialibus
942 3283 1059 3380 facit,
1081 3285 1223 3365 occisus
1243 3299 1336 3374 erat,
1357 3297 1401 3352 ut
1421 3287 1569 3372 qnidam
1591 3315 1670 3358 cm

262 3384 394 3462 ¹debunt
416 3420 439 3461 a
462 3396 529 3464 Cn.
548 3392 720 3489 Pompeji
738 3389 948 3480 clientibus,
967 3391 1145 3486 Pompejo
1166 3412 1243 3459 non
1263 3389 1387 3460 invito.
1416 3397 1484 3460 Sed
1503 3399 1670 3464 accusati.-

261 3524 342 3567 vum
363 3521 426 3587 pro
447 3498 598 3564 ablativo
618 3500 740 3583 saepius
760 3499 865 3566 luisse
885 3508 1087 3584 usurpatum
1101 3497 1175 3578 jum
1195 3501 1234 3562 Α.
1256 3498 1390 3565 Gellius
1417 3502 1538 3568 docuit
1557 3507 1597 3568 N.
1629 3507 1668 3568 Δ.

264 3629 293 3672 ι.
324 3631 354 3688 7.
374 3606 435 3688 qui
466 3603 574 3691 ipsius
607 3588 782 3669 Ciceronis
810 3603 966 3670 laudavit
992 3603 1186 3688 exemplum
1209 3623 1274 3690 pro
1294 3607 1386 3692 Lege
1406 3608 1527 3672 Manil.
1550 3627 1600 3672 ια.
1628 3606 1670 3672 in

256 3701 485 3798 praedonum
488 3706 612 3800 fuisse
623 3717 846 3792 potestatem
864 3703 1004 3776 sciatis.
1028 3707 1177 3794 ciulug.
1198 3729 1226 3771 c.
1238 3727 1304 3772 ιη.
1325 3706 1482 3774 sitalem
1496 3706 1611 3774 virum
1628 3707 1670 3774 in

258 3809 680 3902 potestatemhaiuisset.
690 3815 847 3876 locorum
864 3809 1170 3897 quaeCcongessit,
1178 3811 1323 3876 certiora
1332 3814 1669 3908 transscribam‚cum

262 3922 337 3987 haec
357 3941 411 3986 res
430 3939 451 3982 a
471 3916 709 3982 Grammaticis
730 3918 885 3980 noudum
906 3914 988 3980 satis
1007 3915 1177 3980 illustrata
1195 3915 1251 3981 sit.
1269 3915 1419 3981 ciuLiv.
1435 3937 1464 3983 r.
1482 3936 1530 3997 ¹4·
1552 3915 1591 3984 in
1600 3941 1670 4004 po.
1747 3909 1749 3914 ’
1867 3919 1873 3928 ·

266 4033 433 4090 testatem
454 4045 537 4088 esse.
559 4023 621 4087 ubi
642 4023 721 4088 vide
743 4023 894 4085 Gronov.
916 4029 950 4086 ct
968 4019 1073 4084 Drak.
1092 4020 1141 4088 id.
1160 4037 1209 4085 ss.
1229 4023 1279 4085 25.
1300 4016 1508 4092 Minucium
1533 4021 1668 4113 magis·
1726 4017 1732 4033 ⁸

266 4137 368 4192 trum
391 4123 551 4209 equitum
573 4148 693 4214 prope
720 4124 759 4191 in
790 4122 993 4190 custodiam
1022 4122 1198 4192 hobitum.
1235 4130 1317 4195 Caes.
1339 4131 1374 4198 Β.
1396 4129 1466 4198 Cir.
1492 4152 1520 4192 1.
1539 4131 1588 4190 ²⁵.
1628 4123 1668 4192 in

261 4239 483 4318 potestatem
503 4231 666 4308 heberet.
699 4235 794 4298 Auci.
815 4227 974 4298 debello
995 4231 1093 4318 Hisp.
1113 4235 1163 4298 26.
1183 4233 1260 4305 Val.
1278 4235 1368 4308 Max.
1391 4255 1420 4301 ι.
1442 4237 1472 4298 6.
1494 4254 1524 4316 q.
1545 4228 1584 4296 in
1600 4253 1669 4318 po·
