4116 4970
362 329 408 421 rt

362 530 435 585 tum
457 537 527 582 esse
547 523 668 604 putant
683 523 820 582 auctore
834 515 1012 580 Hadriano
1030 513 1247 604 imperatore,
1266 517 1327 601 qui
1349 517 1484 604 generis
1499 518 1638 584 dicendi
1652 529 1765 588 vetus-

368 627 395 688 ti
424 624 674 687 amantissimus
706 624 810 688 fuisse
840 645 859 686 a
892 624 1073 707 Spartiano
1107 621 1235 686 dieitur
1293 627 1513 688 Accesserant
1542 625 1764 711 interpretes,

367 730 430 812 qui
458 739 496 791 ut
526 727 587 790 alii
616 729 780 812 Horatii,
808 729 949 815 Virgilii
971 739 1074 809 atque
1095 727 1289 813 Ciceronis,
1316 729 1365 792 ita
1385 729 1526 792 Salustii
1557 731 1680 815 scripta
1712 732 1765 794 in-

325 851 332 860 ’
363 842 639 918 terpretarentur.
672 835 713 894 Et
733 833 829 916 dspri
849 833 990 916 quidem
1011 835 1273 898 commentarios
1294 835 1332 896 in
1351 835 1537 898 Salustium
1561 855 1631 898 non
1652 837 1763 900 solum

363 939 597 1022 Hieronymus
619 937 711 1020 (adv.
725 935 839 1000 liufin.
857 959 893 1023 r,
917 938 979 1021 16.)
999 942 1058 1002 scd
1080 940 1184 1002 ctiam
1207 939 1380 1002 Charisius
1391 941 1630 1024 grammaticus
1642 941 1764 1026 saepius

363 1047 502 1127 laudat,
530 1044 590 1106 cfr.
612 1041 848 1105 Grammaticae
868 1043 998 1106 Latinae
1018 1043 1128 1106 Auctt.
1148 1043 1263 1124 Antiq.
1283 1045 1344 1104 Ed.
1368 1045 1502 1106 Putseh.
1523 1067 1557 1129 p.
1580 1065 1649 1125 177·
1668 1045 1692 1107 l.
1714 1050 1762 1108 23.
1791 1043 1809 1058 ‘

365 1173 398 1235 p.
423 1151 490 1230 187.
511 1149 535 1212 l.
556 1153 585 1212 6.
604 1165 639 1231 p.
664 1169 730 1227 ¹9¹·
751 1147 774 1208 l.
790 1149 840 1209 25.
860 1167 936 1232 pag.
951 1164 1018 1227 192.
1038 1148 1063 1210 l.
1077 1152 1189 1224 4245.
1229 1151 1325 1212 idem
1347 1148 1450 1212 etiam
1470 1148 1599 1212 statilii
1620 1149 1761 1212 Maximi
1829 1210 1833 1218 ,
1937 1151 1940 1158 ’

366 1253 630 1319 commentarios
650 1252 690 1315 in
709 1251 895 1314 Salustium
916 1253 1055 1336 laudat,
1074 1276 1109 1337 p.
1132 1256 1200 1332 176.
1219 1253 1243 1315 l.
1264 1254 1314 1327 45.
1334 1253 1400 1315 Sed
1417 1273 1486 1314 non
1508 1253 1620 1315 solum
1645 1253 1763 1317 Gram-

365 1360 498 1424 maticis
519 1369 621 1440 atque
643 1357 838 1421 rhetoribus
851 1356 1052 1421 Salustianae
1073 1357 1225 1422 historiae
1239 1358 1523 1442 praestantissimae
1541 1359 1763 1444 videbantur,

366 1469 426 1530 sed
439 1465 505 1550 ipsi
520 1463 675 1528 historici
690 1462 831 1526 Salustii
843 1483 986 1525 acumen
998 1463 1305 1547 etparcimoniam,
1318 1483 1421 1544 quam
1432 1463 1566 1547 dicunt,
1583 1463 1765 1548 inscriptis

366 1570 436 1634 suis
456 1569 675 1654 expressisse,
708 1588 848 1632 summae
877 1566 945 1630 sibi
965 1566 1061 1628 laudi
1094 1587 1165 1629 esse
1186 1569 1366 1628 duxerunt.
1405 1571 1453 1630 Ac
1472 1569 1603 1652 primus
1625 1571 1765 1651 quidem

368 1675 520 1754 Vellcjus
541 1674 738 1738 Paterculus
764 1674 900 1736 videtur
920 1671 1075 1734 imitatus
1096 1689 1167 1735 esse
1186 1671 1382 1736 Salustium.
1411 1675 1462 1736 De
1482 1673 1546 1736 illo
1568 1672 1662 1738 enim
1680 1695 1766 1758 praa-

368 1781 457 1843 clare
479 1779 706 1842 Ruhnkenius
726 1777 842 1860 (praef.
862 1777 926 1840 sub
946 1775 1041 1860 fin):
1073 1777 1169 1840 hunc
1187 1773 1280 1840 enim
1303 1798 1414 1840 unum
1445 1778 1541 1862 (scil.
1561 1780 1765 1860 Salustium)

365 1882 436 1950 sibi
462 1881 669 1948 imitatione
691 1882 927 1969 effingendam
957 1879 1106 1963 sumsit,
1148 1881 1192 1944 ab
1214 1883 1282 1946 ltoc
1303 1879 1399 1945 illud
1415 1879 1613 1968 artfficium
1633 1881 1767 1948 indolis

366 1991 548 2054 humanae
569 1984 825 2052 describendae
845 1985 991 2067 didicit,
1013 1985 1123 2076 liujus
1143 1983 1391 2050 aemulatione
1407 1987 1536 2069 efficax
1548 1997 1618 2072 est,
1639 1999 1674 2052 ct
1689 1989 1767 2053 bre*

369 2093 480 2158 vitate
500 2114 689 2174 nervosus,
711 2091 755 2155 ab
779 2090 847 2156 lroe
869 2090 1021 2174 denique
1042 2102 1143 2156 totus
1165 2089 1220 2154 ita
1236 2093 1370 2175 pendet
1391 2113 1472 2154 cum
1495 2089 1533 2155 in
1555 2088 1667 2156 verbis
1688 2101 1766 2157 lum

368 2197 406 2262 in
423 2197 605 2263 orationis
626 2207 835 2282 structura,
853 2205 896 2260 ut
916 2219 1135 2287 magnopere
1155 2195 1362 2261 mirandum
1378 2193 1447 2279 sit,
1466 2219 1541 2262 rens
1557 2204 1633 2262 tam
1650 2196 1768 2263 mani·

362 2301 504 2394 festam
528 2300 622 2368 viros
643 2299 805 2366 eruditos
815 2297 1007 2391 fefellisse.

449 2408 660 2470 Salustianus
682 2407 783 2470 etiam
802 2403 938 2470 Tacitus
954 2406 1032 2485 jure
1053 2406 1197 2484 dicitur;
1218 2409 1278 2472 sed
1298 2408 1400 2490 quale
1415 2407 1481 2472 fuit
1489 2407 1614 2472 summi
1626 2407 1695 2472 riri
1713 2408 1766 2472 in-

370 2514 529 2599 genium,
550 2531 621 2574 non
642 2511 799 2574 inverbis
820 2511 934 2594 haesit,
955 2514 1013 2573 scd
1036 2511 1074 2572 iu
1096 2514 1200 2574 totius
1216 2514 1384 2577 orationis
1404 2514 1676 2579 conformatione
1697 2513 1768 2576 rim

370 2619 442 2682 stili
463 2617 647 2679 Salustiani
668 2617 838 2699 expressit.
868 2619 994 2678 Insano
1016 2619 1166 2696 quodam
1184 2618 1369 2680 Salustium
1390 2619 1552 2682 imitandi
1574 2618 1686 2682 studio
1708 2621 1770 2680 tla-

368 2745 481 2810 grasse
502 2721 638 2786 videtur
657 2722 851 2805 Arruntius,
871 2720 957 2785 belli
973 2721 1095 2783 Punici
1114 2723 1275 2806 scriptor,
1298 2733 1466 2806 quantum
1487 2723 1674 2788 exSenecae
1694 2743 1770 2788 ora·
1808 2711 1814 2726 ⁸

369 2832 464 2894 tione
485 2829 636 2914 colligas.
660 2828 724 2909 35.)
1324 2889 1326 2896 ,

431 2938 596 3001 Praeterea
615 2931 755 2998 Salustii
775 2931 964 2997 imitatores
984 2941 1208 2998 numerantur
1226 2933 1425 3023 Septimius,
1447 2934 1562 2998 neseio
1582 2931 1675 3015 quis,
1694 2931 1770 2994 Sul*

452 3207 636 3306 indisposite
655 3211 811 3282 imitandi
835 3209 890 3279 liv
911 3209 1042 3302 inlepide
1061 3212 1251 3282 intruditis,
1274 3211 1324 3283 'liv
1351 3213 1534 3295 Pegaseis,
1556 3209 1608 3278 ael
1631 3211 1686 3284 'leit
1713 3238 1770 3277 aa·

451 3316 600 3400 aiveina
620 3313 705 3390 stilai
724 3317 829 3394 βελὸν.

374 3445 439 3526 35.)
462 3444 530 3505 Csr.
551 3447 610 3526 Ep.
630 3459 696 3516 ¹¹4·
720 3441 778 3504 cir.
801 3444 889 3524 Opp.
909 3444 1006 3503 Tem.
1027 3445 1083 3507 IV.
1108 3463 1183 3526 pag.
1206 3445 1255 3522 89.
1276 3446 1336 3507 Ed.
1357 3445 1429 3527 Bip.
1470 3448 1526 3508 Est
1547 3446 1638 3528 apud
1659 3445 1770 3507 Salus-

456 3549 564 3611 tium:
586 3548 771 3611 excrcitum
791 3555 933 3631 argento
953 3549 1045 3623 secit;
1066 3546 1101 3608 id
1124 3557 1183 3630 est,
1204 3547 1350 3631 pecunia
1378 3550 1521 3631 paravit.
1551 3551 1627 3611 Hoc
1646 3551 1772 3612 Arrun-

455 3655 522 3718 tius
543 3663 657 3717 amare
679 3652 799 3736 coepit:
818 3651 933 3736 posuit
954 3650 1042 3714 illud
1065 3652 1225 3715 omnihus
1244 3652 1392 3738 paginis.
1411 3654 1501 3716 Dicit
1514 3654 1771 3734 quodamloco:

455 3760 571 3843 sugam
594 3758 719 3821 nostris
740 3756 859 3822 fecere.
888 3757 966 3819 Alio
987 3757 1064 3820 loco
1083 3778 1091 3818 r
1112 3757 1219 3820 Hiero
1241 3778 1299 3820 rex
1323 3760 1613 3840 Syracusanorum
1640 3759 1771 3821 bellum

456 3861 553 3938 facit3
576 3873 609 3924 ct
624 3863 693 3924 alio
707 3863 803 3925 loco:
826 3881 901 3941 quaa
916 3861 1032 3924 audita
1043 3864 1314 3924 Panormotanos
1325 3865 1459 3945 dedere,
1474 3863 1639 3926 Romanis
1653 3861 1772 3926 fecere.

457 3968 602 4028 Gustum
626 3965 690 4026 tihi
711 3969 791 4026 dare
812 3965 918 4028 volui.
945 3969 1051 4028 Totus
1075 3967 1130 4028 his
1149 3967 1341 4030 contexitur
1359 3967 1457 4030 liber.
1491 3970 1574 4049 Quae
1595 3970 1686 4050 apud
1706 3966 1774 4028 Sal.

458 4093 535 4136 rara
562 4071 721 4151 fuerunt,
757 4072 847 4151 apud
870 4071 961 4130 hunc
987 4073 1105 4134 crebra
1131 4082 1208 4134 sunt
1229 4083 1261 4134 et
1281 4092 1377 4155 paenc
1407 4072 1585 4154 continua,
1618 4093 1679 4134 nec
1699 4072 1776 4136 sinc

458 4197 567 4240 causa.
599 4174 662 4239 Ille
685 4175 778 4238 enim
799 4173 836 4236 iu
857 4176 929 4238 haec
949 4175 1148 4239 incidebat:
1168 4185 1202 4240 at
1222 4175 1280 4240 hic
1301 4177 1364 4239 illa
1384 4177 1566 4257 quaerebat.
1598 4176 1699 4240 Vides
1714 4197 1775 4240 au·
