4108 4976
309 418 317 442 .
383 376 456 475 ut

381 573 456 651 jam
476 563 650 651 supraest
669 561 858 636 monitum,
877 559 921 621 ad
940 557 1108 642 populum
1129 552 1288 641 pertinet.
1307 554 1442 621 invidia
1462 556 1570 645 igitur
1579 559 1729 645 partium
1741 571 1792 630 est

386 675 508 742 odium
529 668 662 755 populi.
684 664 750 730 illa
764 672 799 730 et
812 659 890 728 alia
902 659 997 728 talia
1007 684 1058 728 sc.
1068 661 1205 746 scelera,
1224 661 1500 750 quaeaducibus,
1519 665 1793 751 legatisetmili-

387 781 481 846 tibus
515 773 695 840 commissa
728 769 876 834 fuerant.
917 765 1173 852 impedimento
1204 767 1403 850 parabant.
1443 789 1507 854 per
1535 790 1611 856 eos,
1650 773 1714 854 qui
1736 773 1793 854 jus

387 879 542 968 suffragii
557 881 763 959 habuerunt,
783 871 915 939 efficere
933 874 1135 949 studebant,
1156 882 1194 936 ut
1214 872 1270 938 lex
1290 892 1311 934 a
1330 872 1489 940 Mamilio
1508 875 1580 939 lata
1595 877 1793 960 antiquare-

387 998 454 1054 tur.
468 986 601 1071 plebes.
621 983 670 1047 its
689 983 775 1048 Ven.
792 1001 819 1040 1.
839 982 913 1045 Vat.
927 995 956 1046 a.
968 982 997 1042 5.
1024 986 1203 1061 quantum
1223 975 1378 1044 intento.
1398 981 1474 1047 Vnt.
1486 983 1516 1044 5.
1536 984 1631 1063 quod
1651 981 1793 1050 fortasse

387 1114 408 1158 o
428 1091 582 1157 librariis
600 1095 741 1173 propter
751 1104 896 1167 sequens
908 1093 1122 1167 quantaque
1131 1086 1349 1150 emendatum
1358 1092 1419 1150 est.
1438 1083 1592 1152 intenta.
1606 1087 1631 1158 i.
1645 1108 1675 1154 e.
1687 1109 1791 1171 quens

386 1218 465 1264 acer
493 1205 527 1262 et
553 1195 703 1281 diligens
723 1195 758 1254 in
773 1189 854 1269 jure
873 1207 937 1254 suo
957 1189 1177 1254 defendendo
1197 1188 1312 1255 tuerit.
1337 1197 1549 1274 quantaque
1569 1188 1604 1258 vi
1626 1193 1649 1258 i.
1671 1215 1702 1260 e.
1719 1203 1792 1260 stu·

386 1303 447 1367 dio
468 1310 502 1366 et
522 1304 655 1364 ardore.
666 1295 842 1389 jusserit,
863 1290 1071 1378 decreverit,
1091 1290 1256 1359 voluerit.
1283 1295 1457 1360 cumulata
1475 1306 1556 1360 sunt
1574 1300 1680 1364 verba
1702 1300 1817 1379 ejusn

388 1413 467 1472 dem
488 1402 770 1492 significationis,
787 1399 870 1483 quia
889 1400 958 1464 boo
976 1400 1016 1464 iu
1037 1399 1158 1464 edictis
1178 1400 1254 1465 lieri
1274 1399 1382 1466 moris
1402 1409 1461 1466 est.
1482 1401 1626 1467 ciniis.
1644 1426 1670 1467 1.
1683 1427 1731 1470 rs.
1754 1402 1795 1470 r'd

388 1512 496 1577 modo
508 1506 703 1574 sciscerent
710 1504 961 1592 juberentque.
980 1507 1054 1569 lur.
1073 1507 1142 1570 sas.
1156 1508 1186 1569 6.
1204 1523 1273 1571 sas.
1294 1507 1471 1592 hocvolo,
1492 1506 1701 1596 boejubeo.·
1714 1510 1791 1589 jam

387 1611 503 1680 velitis
515 1609 728 1704 jubentium
743 1610 933 1674 solemnem
956 1608 1142 1673 formulam
1166 1608 1274 1675 luisse
1299 1611 1338 1675 in
1359 1612 1596 1697 rogationibus
1616 1617 1660 1678 sd
1679 1634 1793 1700 popu·

386 1721 462 1784 lurn
482 1716 632 1782 ferendis
651 1714 734 1778 satis
755 1722 896 1778 constat.
914 1714 996 1780 ride
1011 1715 1085 1782 Lir.
1099 1731 1150 1780 aa.
1165 1733 1212 1778 ιο.
1243 1714 1379 1781 (lortius
1408 1715 1458 1781 ita
1476 1721 1520 1782 de
1539 1721 1605 1782 hoc
1624 1719 1702 1782 loco
1722 1729 1792 1783 str-

386 1825 469 1888 tuit:
484 1831 579 1898 ,turn
600 1819 734 1884 ardoris
754 1838 871 1895 cansa,
893 1840 998 1903 quum
1017 1827 1057 1884 ut
1074 1819 1265 1907 rogationis
1283 1818 1431 1905 perlatio
1451 1839 1493 1886 eo
1514 1821 1636 1887 melius
1655 1831 1792 1890 notare·

388 1938 462 2006 tur,
484 1927 720 2007 conjunctura
740 1944 811 1990 esse
831 1933 1022 2010 putamus.l
1041 1927 1142 1990 mola
1163 1923 1231 1990 itta
1250 1923 1274 1988 i.
1295 1945 1325 1992 e.
1340 1925 1488 2011 judicis,
1515 1927 1706 2011 damnatio,
1735 1949 1792 1996 ex·

387 2035 508 2118 ilium,
538 2033 576 2097 id
606 2033 701 2115 quod
728 2051 770 2095 ex
789 2029 1070 2096 antecedentibus
1087 2029 1355 2116 intelligendum
1370 2040 1431 2098 est.
1450 2029 1574 2098 lubido
1596 2032 1620 2096 i.
1640 2053 1669 2101 e.
1690 2027 1792 2102 effre-

386 2149 468 2204 nata
486 2137 638 2203 licentia.
659 2135 720 2200 cfr.
737 2135 810 2201 Lir.
828 2154 858 2200 s.
875 2140 905 2200 5.
929 2156 1085 2218 quorum
1106 2131 1231 2199 lubido
1251 2131 1291 2199 in
1311 2157 1426 2227 regno
1436 2135 1599 2203 solutior
1595 2133 1791 2228 suerat.-

388 2244 587 2310 docuimus.
608 2243 713 2309 etiam
725 2244 793 2307 hoc
813 2243 891 2308 loco
911 2240 997 2308 libri
1013 2240 1165 2320 variant,
1186 2239 1250 2305 alii
1263 2236 1433 2328 dicimus,
1443 2241 1506 2306 alii
1516 2239 1793 2310 memoravimus

383 2353 533 2432 habent,
553 2353 612 2416 sed
633 2349 753 2416 omnia
772 2356 971 2432 sanarunt,
991 2349 1086 2430 quod
1107 2345 1233 2432 etipse
1253 2347 1390 2412 eortius
1404 2347 1590 2429 judicavit3
1610 2352 1792 2434 undeper·

385 2456 548 2540 spiritur,
565 2475 687 2541 parum
708 2463 799 2520 recte
819 2475 860 2521 ex
879 2451 1039 2520 lectionis
1057 2451 1222 2518 varietate
1242 2451 1380 2540 colligi,
1407 2453 1561 2536 aliquam
1577 2473 1699 2520 rocem
1721 2473 1792 2522 esse

383 2569 586 2642 suspectam.
612 2567 762 2623 ceterum
771 2553 896 2649 fuisse
914 2562 981 2623 hoc
1001 2559 1080 2622 loco
1101 2558 1267 2623 nonnulli
1285 2579 1326 2624 ex
1345 2557 1488 2643 optimis
1504 2559 1606 2624 libris
1619 2562 1793 2646 omittunt,

385 2681 493 2746 quare
513 2661 669 2724 Cortium
695 2670 830 2727 secutus
856 2681 942 2728 sum.
973 2658 1072 2726 inter·
1091 2659 1275 2730 laetitiam
1289 2661 1407 2746 plebis
1427 2670 1464 2730 et
1481 2685 1631 2730 suorum
1641 2661 1793 2755 fugam.

385 2779 478 2834 recte
498 2772 572 2844 haec
591 2767 724 2832 cornel.
743 2767 854 2832 Fonto
874 2765 1135 2851 interpretatur:
1161 2787 1238 2832 cnm
1257 2767 1357 2852 plebs
1375 2768 1455 2834 leta
1475 2778 1560 2836 esset
1578 2779 1612 2834 et
1625 2770 1681 2836 sui
1696 2769 1793 2857 iuge.-

386 2883 475 2943 rent.
498 2871 597 2939 inter
616 2873 756 2956 scilicet,
777 2880 817 2938 ut
836 2871 968 2958 sepius,
988 2880 1122 2956 tempus
1140 2871 1324 2960 siguificat.
1342 2893 1494 2940 suorum
1502 2871 1643 2967 sugam
1663 2875 1689 2941 i.
1706 2895 1734 2942 e.
1748 2877 1794 2942 ti·

385 3001 534 3066 morem,
554 2978 797 3066 formidinem,
817 2987 1002 3060 terrorem,
1024 2979 1162 3045 nobiles
1182 2981 1277 3045 enirn
1297 2992 1426 3047 terrore
1446 2982 1613 3066 perculsi,
1629 2982 1792 3048 animum

385 3089 654 3171 desponderunt.
676 3082 820 3169 trepida
839 3085 950 3151 etiam
972 3095 1051 3150 tum
1073 3081 1229 3155 civitate.
1249 3089 1318 3152 hoc
1337 3086 1511 3170 additum,
1531 3097 1571 3151 ut
1589 3090 1721 3154 clarum
1731 3090 1793 3155 fie-

254 3187 258 3196 ’
384 3200 446 3276 ret,
467 3211 537 3274 quo
559 3195 664 3255 modo
683 3193 847 3272 Scaurus,
867 3191 930 3274 qui
950 3200 984 3256 et
1003 3191 1077 3275 ipse
1096 3201 1270 3278 suspectus
1289 3201 1380 3276 erat,
1398 3191 1493 3258 inter
1510 3193 1709 3276 quesitores
1728 3195 1793 3260 eli·

385 3305 538 3382 geretur,
558 3297 689 3360 scilicet
711 3291 854 3378 trepido
875 3295 899 3358 i.
920 3315 950 3360 e.
970 3295 1103 3359 incerta
1124 3297 1228 3361 etiam
1249 3305 1323 3362 tum
1342 3297 1461 3363 civitas
1482 3297 1559 3364 fuit.
1577 3299 1637 3364 cir.
1658 3303 1743 3366 Aen.
1761 3317 1792 3379 4.

386 3401 457 3474 642.
477 3396 621 3481 trepida
631 3396 743 3467 Dido.
764 3401 891 3466 Lucan.
910 3421 939 3481 7.
954 3419 1025 3482 ²97·
1043 3422 1106 3486 spe
1126 3401 1398 3486 trepidus-in
1419 3425 1633 3473 annumero
1655 3406 1678 3470 i.
1693 3426 1722 3470 c.
1737 3407 1794 3472 in·

383 3509 437 3564 ter
456 3500 663 3582 quaesitores.
686 3501 928 3586 quaesitores,
949 3507 1150 3570 dicebantur
1169 3507 1208 3592 ii,
1228 3509 1306 3593 qni,
1325 3519 1472 3595 pretore
1490 3511 1637 3595 praeside
1650 3512 1792 3598 iudicii,

386 3605 613 3689 questionem
634 3603 851 3686 exercebant,
872 3604 934 3685 qui
954 3604 1059 3668 etiam
1074 3607 1209 3684 judices
1229 3614 1428 3692 questionis
1443 3615 1617 3684 dicuntur.
1643 3622 1703 3684 sed
1721 3639 1793 3686 rna.

384 3713 477 3776 xime
498 3707 771 3776 extraordinario
787 3707 923 3787 judicio
944 3711 1148 3796 constituto,
1169 3715 1207 3780 id
1228 3737 1355 3786 nornen
1377 3719 1422 3785 iis
1432 3731 1519 3808 erat,
1540 3726 1585 3788 sd
1598 3734 1793 3810 quospote-

383 3824 450 3878 stas
470 3815 668 3897 quaestionis
689 3817 883 3880 exercende
903 3815 1081 3900 pertinuit.
1101 3821 1316 3909 exercitato,
1335 3828 1431 3908 quod
1447 3828 1551 3892 multi
1570 3830 1656 3894 libri
1668 3831 1792 3896 confir-

263 3961 264 3969 ι
383 3928 497 4004 mant,
527 3920 679 3984 orationi
698 3920 898 3986 Salustianae
919 3923 1028 4010 magis
1056 3937 1322 3995 consentaneum
1346 3951 1418 4002 esse
1430 3933 1578 4000 videtur.
1610 3935 1792 4002 sedetiam

383 4020 548 4090 exercita
580 4025 736 4087 multis'
725 4024 838 4108 risque
860 4028 1013 4112 optimis
1024 4030 1125 4098 libris
1153 4034 1361 4101 defenditur.
1391 4037 1606 4121 quaestione
1625 4041 1729 4106 ctiam
1750 4063 1793 4108 er

358 4130 512 4206 'Italicis
529 4129 633 4194 multi
651 4130 746 4214 libri,
767 4151 819 4195 ex
838 4153 888 4218 gr.
908 4136 983 4201 Vat.
1001 4157 1028 4205 1.
1045 4142 1075 4204 ³.
1092 4141 1121 4206 5.
1141 4140 1234 4208 Flor.
1249 4155 1297 4218 rt.
1307 4141 1381 4208 alii.
1395 4147 1455 4212 sed
1466 4147 1794 4232 pessimesnarnab-

377 4233 485 4302 lstivo
506 4237 664 4304 absoluto
685 4236 804 4346 nullus
823 4247 874 4307 est
891 4239 998 4312 locus.
1020 4263 1066 4313 er
1084 4245 1529 4319 rumore.rectccoui1u=
1560 4264 1667 4342 prout
1698 4255 1794 4340 quis·
