4108 4976
1587 397 1657 496 257

259 595 304 661 de
312 596 412 680 Legg.
427 597 456 658 ³.
469 613 517 673 ¹9·
536 584 629 658 ,tovi
643 613 682 658 se
702 589 956 680 consiliarium
979 603 1015 662 et
1033 588 1291 660 administrum
1312 595 1450 659 dotum.
1461 591 1611 659 iti-Vere.
1623 609 1659 680 4,

237 775 239 780 ι
259 701 309 764 ab.
328 719 451 764 rerum
472 693 684 786 hujusmodi
701 697 865 764 omnium
886 710 1102 768 transactor
1116 708 1151 766 et
1161 695 1386 765 administer.
1399 698 1661 764 -obstractus

259 811 321 868 est.
343 806 386 868 de
406 806 471 866 bac
490 822 527 866 re
540 803 637 870 ,Flon
655 825 680 865 ι.
696 807 726 865 3.
760 825 843 868 cum
866 803 905 870 in
922 807 1063 873 Scauro
1081 801 1178 889 'ipsos
1198 800 1361 870 Romani
1379 799 1525 887 imperii
1543 823 1662 868 mores
1691 835 1694 843 .

258 914 501 998 expugnasset
529 908 736 996 Jugnrtlm.
764 918 961 992 occeperat
986 931 1027 975 ex
1055 911 1157 974 libris
1184 909 1314 973 Italicis
1341 903 1435 974 solus
1463 909 1553 972 Med.
1569 931 1598 992 7.
1628 918 1662 973 et

258 1015 369 1078 multo
389 1012 522 1097 sapius,
542 1033 619 1075 cum
633 1018 834 1096 postquam
855 1015 1080 1100 precesserit,
1099 1013 1662 1100 perlectuminplusquamperfec-

257 1126 329 1183 tum
353 1127 520 1182 mutatum
540 1116 706 1202 invenias,
725 1138 829 1200 quam
857 1120 1082 1186 contrarium*
1091 1114 1330 1205 pactionibus
1336 1116 1432 1206 fidei
1457 1142 1580 1184 causo.
1601 1127 1663 1195 ,ut

256 1227 427 1310 Jugurtba
446 1226 550 1289 fidem
570 1223 713 1288 baberet
732 1224 880 1312 Bestiae,
911 1226 1035 1292 missus
1052 1225 1186 1292 Sextius
1209 1227 1364 1311 Questor
1383 1224 1482 1308 quasi
1502 1226 1600 1288 obses
1620 1223 1660 1287 in

258 1330 425 1415 oppidum
446 1332 644 1418 Jugurthaee
664 1331 699 1394 G.
744 1332 882 1396 Vacca.
900 1331 950 1395 ita
971 1352 1091 1398 omnes
1111 1332 1182 1397 fere
1201 1330 1285 1396 libri
1299 1331 1422 1395 Italici.
1456 1329 1560 1394 ceteri
1581 1329 1660 1412 qui-

257 1439 336 1500 dem
355 1437 551 1523 scriptores,
571 1437 793 1522 Ptolemaeus,
814 1437 965 1522 Plinius,
985 1441 1205 1522 Plutarchus,
1223 1438 1348 1519 Silius,
1369 1437 1579 1523 Augustinus
1591 1435 1661 1499 fre·

256 1543 418 1625 quentius
450 1545 574 1634 Vaga,
606 1546 668 1608 sed
686 1543 742 1608 his
760 1543 800 1606 in
820 1544 922 1607 rebus
942 1543 1067 1628 optimi
1087 1544 1250 1642 cujusque
1269 1543 1354 1607 libri
1374 1542 1522 1606 maxima
1543 1547 1662 1604 aucto·

256 1647 348 1712 ritas.
379 1645 485 1737 cujus
503 1645 562 1713 rei
577 1645 720 1735 species.
742 1652 816 1714 hec
833 1648 1002 1731 loquendi
1022 1649 1110 1714 ratio
1131 1670 1236 1731 quarn
1248 1641 1396 1712 maxime
1407 1649 1572 1725 notanda3
1592 1644 1669 1709 ire·-

255 1753 419 1836 quentior
448 1753 543 1818 enim
579 1743 869 1819 substantivorum
900 1755 1147 1818 abstractorum
1184 1773 1265 1816 usus
1284 1752 1471 1816 serioribus
1500 1748 1661 1834 inprimis

254 1857 479 1942 scriptoribus
508 1859 679 1926 convenit.
711 1854 846 1940 specics
873 1853 1010 1922 veritati
1030 1859 1197 1944 opposita.
1217 1856 1285 1922 Cic.
1304 1862 1343 1920 N.
1361 1859 1402 1920 D.
1420 1874 1450 1919 a.
1464 1860 1493 1920 3.
1528 1853 1661 1920 veritos

255 1959 504 2046 auspiciorum
529 1969 653 2045 spreta
680 1970 750 2047 cst,
777 1962 911 2046 species
940 1970 1085 2028 tontum
1107 1971 1262 2030 retenta.
1294 1962 1374 2028 vide
1394 1981 1497 2044 supra
1518 1962 1586 2021 cat.
1608 1959 1659 2020 38.

253 2064 373 2150 specie
389 2075 548 2134 senatus.
574 2067 710 2154 vulgari
737 2088 896 2133 sermone
916 2071 982 2132 hoc
1008 2069 1057 2132 ita
1084 2070 1154 2132 ‹lici
1173 2069 1304 2153 potuit:
1325 2068 1419 2148 quod
1440 2064 1568 2128 factum
1587 2081 1660 2128 esse

255 2171 478 2258 simulabant,
508 2173 606 2254 quasi
633 2172 843 2236 fulmentum
871 2173 1049 2264 acciperet.
1078 2170 1274 2238 deditionis
1290 2192 1406 2236 moro.
1437 2188 1534 2234 casus
1547 2175 1661 2232 sextus

254 2283 315 2360 est,
335 2276 359 2340 i
381 2295 409 2340 e.
430 2276 512 2359 quia
522 2297 626 2340 mora
635 2277 807 2342 deditioni
821 2277 962 2358 objectae
975 2277 1121 2344 fuerant.
1142 2273 1312 2344 induciae
1322 2273 1576 2365 agitabuntur.
1584 2272 1660 2338 bel-

254 2380 329 2442 lum
355 2389 388 2445 et
415 2403 533 2466 pacem
554 2382 685 2468 agitare
711 2386 803 2468 apud
823 2383 890 2448 Sal.
920 2384 1043 2469 sapius
1063 2383 1223 2448 occurrit.
1253 2382 1333 2448 vide
1356 2384 1427 2446 Cat.
1443 2385 1491 2446 61.
1514 2389 1547 2446 et
1567 2378 1660 2442 infra
1734 2393 1736 2398 ·

258 2505 325 2568 109.
347 2485 513 2552 consilio.
543 2488 665 2571 quiin
685 2489 870 2556 consilium
898 2490 1048 2554 adhibiti
1069 2489 1216 2574 fuerint,
1248 2487 1329 2555 vide
1349 2486 1440 2556 inira
1461 2505 1533 2571 cap.
1555 2487 1605 2549 62.
1625 2490 1661 2550 et

256 2601 494 2692 1043ceterum
516 2591 690 2679 consitio,
718 2615 789 2659 non
816 2592 975 2661 concilio
1005 2597 1176 2660 hocloco
1202 2595 1423 2659 scribendum
1450 2611 1521 2658 esse
1541 2611 1603 2676 per
1623 2609 1660 2654 se

252 2703 353 2782 patet.
376 2698 639 2786 deldiscrimine
658 2701 837 2784 utriusque
855 2701 950 2766 vocis
970 2701 1164 2764 acutissime
1184 2699 1254 2786 egit
1274 2700 1425 2765 Gronov.
1453 2701 1497 2761 ad
1521 2697 1594 2761 Liv.
1608 2711 1660 2774 44.

253 2818 284 2865 a.
293 2799 402 2892 facti
419 2803 486 2869 sui.
506 2826 700 2890 pronomen
720 2827 840 2872 omnes
859 2808 931 2871 fere
951 2806 1035 2870 libri
1057 2806 1207 2869 retinent
1211 2828 1226 2883 ,·
1246 2802 1659 2886 nequeassequaris,qua

254 2927 353 2971 causa
374 2907 536 2972 inductus
550 2911 684 2974 conius
704 2911 742 2974 id
764 2909 916 2993 ejecerit,
937 2910 1004 2972 nisi
1024 2909 1226 2974 brevissima
1246 2929 1390 2990 quaeque
1411 2909 1517 2972 dictio
1538 2905 1572 2970 ei
1587 2923 1660 2968 ma·

252 3013 344 3076 xime
364 3014 577 3097 probaretur.
598 3017 658 3078 sed
678 3015 886 3100 pronomine
907 3015 1034 3077 omisso
1056 3012 1234 3078 obscurius
1255 3023 1319 3096 est,
1349 3015 1445 3095 quod
1464 3011 1591 3076 factum
1613 3010 1661 3076 sit

252 3116 529 3203 intelligendum.
552 3114 660 3201 quasi
671 3139 740 3202 per
758 3127 938 3183 saturam.
959 3121 1044 3180 Fest.
1065 3138 1092 3182 s.
1112 3139 1159 3180 ιε
1180 3118 1321 3192 ,Satura
1341 3126 1376 3180 et
1397 3115 1467 3180 cibi
1487 3133 1659 3204 genus,ex

251 3223 376 3298 ,variis
398 3224 499 3287 rebus
519 3223 698 3288 conditum
718 3232 786 3307 est,
812 3231 846 3288 et
872 3222 928 3288 lex
948 3222 1067 3285 multis
1086 3222 1165 3286 aliis
1184 3222 1320 3307 legibus
1340 3223 1502 3286 conferta.
1538 3226 1659 3305 ltaque

251 3327 311 3402 «in
331 3327 507 3392 sanctione
533 3329 651 3415 legum
671 3321 895 3413 adscribitur,
925 3347 1011 3406 neve
1037 3349 1100 3412 per
1119 3337 1268 3392 saturam
1290 3330 1455 3416 abrogato
1477 3336 1535 3392 aut
1554 3330 1660 3400 dero-

252 3441 364 3519 ,gatu
384 3434 416 3496 S.
436 3432 570 3498 Annius
589 3437 717 3499 Luscus
737 3434 777 3497 in
797 3453 851 3520 ea,
871 3454 975 3516 quam
997 3433 1084 3498 dixit
1104 3438 1264 3498 adversus
1282 3435 1359 3498 Tib.
1379 3435 1568 3504 Grachum:
1590 3433 1663 3497 im-

251 3537 424 3630 ,perium,
446 3542 541 3622 quod
561 3540 680 3624 plebes
700 3560 763 3624 per
782 3549 931 3604 saturam
953 3542 1111 3624 dederat,
1134 3539 1170 3601 id
1186 3539 1389 3626 abrogatum
1402 3550 1472 3604 ests
1487 3549 1519 3604 et
1535 3542 1572 3606 C.
1585 3541 1659 3606 Lae·

251 3643 341 3716 ,lius
361 3645 399 3707 in
420 3664 478 3729 ea,
498 3665 602 3725 quam
621 3665 685 3730 pro
706 3665 743 3708 se
762 3644 866 3708 dixit:
887 3644 969 3710 dein
989 3655 1127 3729 postero
1148 3645 1226 3729 die,
1243 3647 1342 3730 quasi
1361 3667 1425 3729 per
1438 3654 1586 3710 saturam
1600 3664 1662 3709 ex-

251 3747 409 3828 ,qubitb
427 3749 624 3834 sententiis,
648 3750 688 3813 in
709 3749 922 3815 deditionem
942 3751 1139 3836 accipitur.'’
1160 3751 1222 3814 ubi
1237 3760 1327 3815 recte
1350 3750 1502 3814 Cortius:
1521 3747 1661 3823 ,mani-

251 3850 337 3916 festo
356 3853 496 3918 Salustii
516 3875 655 3939 nomen,
674 3863 708 3919 et
727 3865 807 3920 ante
827 3856 918 3920 illud
936 3858 1040 3921 verba
1050 3855 1159 3922 Laelii
1179 3856 1304 3919 omina
1325 3864 1482 3919 sunta..
1494 3857 1542 3918 Ex
1561 3863 1659 3921 vete-

252 3978 328 4020 rum
351 3967 529 4022 auctorum
547 3961 634 4026 locis
655 3964 723 4025 hoc
742 3969 851 4045 patet,
869 3982 939 4044 per
957 3970 1126 4026 saturam
1148 3957 1294 4043 aliquid
1299 3955 1433 4048 facere
1461 3961 1660 4049 significare·

252 4061 406 4145 confuse,
428 4063 526 4128 nullo
548 4065 670 4130 ordine
690 4064 825 4147 aliquid
846 4074 989 4130 tractare
1009 4071 1182 4148 multaque
1203 4066 1425 4151 conjungere,
1443 4089 1519 4150 quas
1531 4065 1658 4131 melius

251 4166 500 4254 disjungantur.
528 4189 649 4252 parum
678 4171 837 4234 usitatam
858 4173 947 4234 banc
967 4169 1298 4257 benedictionem,
1329 4175 1448 4236 eadem
1476 4178 1658 4233 auctorum

250 4272 447 4342 testimonia
467 4277 607 4356 decenn
624 4277 806 4361 Salustius,
826 4285 865 4340 ut
883 4275 982 4343 verbi
1001 4275 1223 4342 insolentiam
1245 4276 1413 4362 molliret,
1436 4270 1543 4358 quasi
1560 4273 1661 4354 adis·

1207 4387 1254 4459 28
