4108 4976
1596 415 1661 498 251

267 592 352 664 nati
375 617 573 663 samus-
592 591 783 663 recitatae.
813 604 906 666 recte
932 597 1000 662 boc
1026 598 1104 664 loeo
1130 600 1273 665 verbum
1293 601 1542 716 substantivum
1562 612 1669 682 omb-

267 723 341 769 sum
361 711 419 769 est.

337 813 426 898 Cap.
446 811 563 875 XXIV.
599 814 748 875 oratum
768 805 890 896 mitto.
909 807 978 873 ut
966 830 1006 872 ιιι
1027 815 1099 874 tots
1119 811 1274 896 epistola,
1294 812 1344 876 ita
1362 813 1499 879 etiam'
1487 839 1526 881 ιιι
1540 821 1670 888 baclo-

265 915 404 980 cutione
420 915 625 1001 simplicitas
644 917 801 997 quaedm
812 913 979 978 orationis
990 915 1284 981 animadvertitur.
1306 928 1456 984 ceterum
1472 944 1583 992 orare
1596 950 1668 994 non

262 1041 327 1106 pro
348 1042 485 1111 rogare
504 1021 635 1084 dictum
655 1039 727 1086 esse
744 1019 897 1104 ridetur,
917 1020 977 1083 sed
998 1019 1081 1100 quia
1101 1029 1271 1086 oratores
1289 1026 1412 1109 sapius
1429 1028 1534 1115 legati
1548 1033 1669 1100 dicun·

265 1135 336 1211 tur,
356 1129 421 1190 bac
438 1147 523 1190 voce
543 1134 665 1191 auctor
682 1144 764 1190 usus
784 1133 843 1190 est.
863 1122 902 1188 ia
923 1121 1049 1190 animo
1070 1126 1185 1189 aab·
1174 1149 1197 1190 1.
1219 1147 1247 1192 e.
1270 1131 1441 1220 respiciat,
1460 1156 1579 1201 eorum
1593 1161 1668 1206 me-

263 1251 340 1296 mor
359 1233 414 1295 sit.
435 1233 514 1296 aliis
534 1227 657 1296 locis
640 1253 679 1295 ιιι
700 1228 824 1297 αιιίιιιο
845 1231 977 1296 habere
997 1239 1046 1294 est
1066 1239 1229 1296 statutum
1250 1235 1395 1301 babere:
1414 1239 1537 1306 socius
1555 1253 1668 1328 atque

262 1333 413 1402 amicas.
445 1336 500 1399 his
521 1336 722 1400 nominibus
742 1345 879 1400 senatus
898 1337 1117 1420 populusque
1137 1340 1237 1402 Rom.
1259 1360 1355 1427 reges
1375 1363 1498 1410 ornare
1518 1347 1668 1434 solebat,

261 1441 323 1522 qui
344 1443 555 1525 potentiores
576 1451 690 1525 erant,
721 1462 825 1524 quam
845 1451 883 1505 ut
903 1441 1005 1506 facile
1026 1443 1129 1506 armis
1148 1443 1242 1507 vinci
1262 1454 1412 1530 possent.
1452 1469 1513 1514 seu
1539 1455 1665 1534 quibus

261 1546 348 1610 falso
377 1548 520 1612 honoris
548 1547 689 1613 nomine
716 1546 865 1612 illudere
893 1567 913 1613 e
943 1549 1122 1632 republica
1150 1549 1272 1614 visum.
1311 1555 1385 1617 bac
1414 1555 1508 1618 enim
1537 1558 1667 1624 delini·

261 1663 378 1718 menta
406 1652 579 1718 servitutis
609 1662 715 1721 erant.
743 1650 805 1718 cfr.
832 1655 915 1718 Cres.
934 1656 971 1716 Β.
989 1654 1078 1716 Gall.
1095 1675 1123 1717 1.
1139 1660 1189 1730 43.
1215 1655 1439 1737 patre's'mei.
1472 1683 1665 1745 pronomen
1759 1645 1764 1649 ¹

175 1769 179 1776 “
260 1779 379 1823 omnes
398 1760 512 1822 Italici
531 1759 615 1822 libri
636 1759 849 1844 confirmant,
869 1759 974 1822 etiam
994 1757 1169 1836 Vaticani3
1188 1779 1295 1840 quare
1315 1761 1501 1849 incertum,
1522 1770 1584 1849 qui
1602 1769 1664 1836 ille·

258 1865 443 1932 Vaticanus
464 1864 617 1927 Putscbii
638 1863 699 1946 sit,
730 1883 833 1944 quem
854 1862 977 1946 saepius
998 1862 1127 1930 laudat.
1155 1872 1267 1947 potest
1294 1867 1440 1934 consilio
1468 1874 1665 1957 appositum

258 1989 332 2036 esse
351 1971 395 2033 ab
416 1976 568 2054 auctore,
600 1967 816 2051 assequenti
836 1976 956 2032 vestra
976 1971 1191 2054 respondeat.
1222 1971 1442 2036 dehortatur
1462 1997 1518 2038 me
1536 1981 1610 2042 Vat.
1632 1999 1662 2044 a.

163 2097 166 2106 ¹
256 2079 317 2141 sed
338 2077 494 2159 quamvis
514 2075 616 2139 multi
636 2074 698 2138 alii
719 2073 806 2138 boni
825 2073 910 2137 libri
929 2079 1112 2156 accedunt,
1142 2083 1257 2138 tamen
1285 2079 1352 2140 hoc
1375 2097 1479 2157 quam
1513 2083 1663 2151 maxime

257 2182 506 2244 inconcinnum
527 2181 675 2244 videtur.
707 2177 801 2247 Nisi.
821 2178 902 2242 side
921 2178 1014 2242 infra
1034 2199 1107 2264 cap.
1126 2200 1193 2242 soo.
1217 2183 1318 2262 quod
1333 2177 1443 2245 multi
1455 2204 1528 2266 per
1547 2185 1663 2253 ambi-

258 2282 394 2351 tionem
403 2283 497 2371 fieri
514 2283 666 2376 ajebant
683 2281 822 2348 ·-·nisi
840 2292 962 2348 tamea
987 2281 1193 2370 respublica
1208 2280 1357 2370 pariter
1384 2307 1430 2350 ac
1454 2287 1660 2361 saevissimo

257 2390 409 2477 imperio
432 2392 518 2455 bene
537 2399 648 2473 atque
667 2390 800 2456 decore
813 2396 930 2479 gesta.
957 2390 1025 2454 Cic.
1046 2392 1129 2476 Epp.
1154 2395 1209 2475 ιδ,
1231 2411 1258 2454 ι.
1292 2411 1392 2466 «cum
1412 2383 1560 2460 Patrone
1580 2399 1662 2483 Epi.
1759 2395 1761 2400 ’

256 2517 360 2564 careo
381 2496 609 2566 mihi-omnis
628 2503 708 2560 sunt
727 2495 939 2581 eommunia,
969 2495 1038 2560 nisi
1064 2500 1158 2579 quod
1179 2497 1218 2560 in
1235 2497 1460 2583 philosophia
1477 2503 1662 2568 vehemen-

256 2615 309 2671 ter
327 2606 371 2667 ab
393 2623 435 2668 eo
456 2601 654 2667 dissentio.⁹
686 2602 791 2666 babet
811 2604 955 2668 eandem
971 2603 1155 2667 verborum
1171 2611 1374 2668 structuram
1391 2605 1576 2688 aliquoties
1590 2609 1662 2674 Pli-

255 2713 345 2777 nius.
366 2713 427 2776 oir.
445 2713 529 2796 Epp.
551 2713 644 2789 6.ss;
664 2707 776 2785 ..circa
795 2717 1005 2772 me‘tantum
1025 2708 1240 2795 benignitate
1259 2709 1371 2773 nimia
1390 2715 1534 2776 modum
1548 2734 1662 2779 exces-

254 2818 320 2898 sit,
342 2817 637 2898 nisiquodtamen
645 2815 758 2898 poetis
771 2813 913 2877 mentiri
931 2814 1046 2878 licet.»
1065 2815 1113 2877 id.
1135 2819 1164 2876 8.
1178 2835 1226 2895 ¹7·
1245 2817 1449 2898 ..parvulum
1462 2811 1659 2902 differt,pa·

254 2922 353 2988 tiaris
373 2921 507 2985 diversa
527 2939 572 2982 an
598 2927 784 3002 exspectes:
806 2917 875 2981 nisi
895 2921 990 3000 quod
1011 2926 1126 2982 tamen
1147 2927 1196 2984 est
1209 2920 1354 2986 dolendi
1372 2924 1506 3004 modus,
1526 2932 1657 2988 nonest

253 3026 676 3120 timendi.²‘'Paneg>sr.93.
698 3022 870 3102 „ullamne
889 3044 954 3106 pro
963 3023 1140 3087 beneficiis
1150 3023 1278 3088 referre
1288 3025 1433 3110 gratiam
1446 3045 1565 3109 parem
1577 3045 1659 3111 pos-

253 3153 388 3218 sumus,
409 3130 477 3193 nisi
498 3139 611 3192 tamen
632 3127 745 3211 illam,
771 3137 810 3190 ut
829 3146 963 3212 semper
981 3147 1045 3191 nos
1065 3128 1323 3193 meminerimus
1343 3131 1501 3194 consules
1520 3131 1657 3197 luisse.l

252 3241 315 3307 cfr.
336 3248 500 3325 praeterea
520 3235 588 3302 Cic.
610 3237 694 3318 Epp.
716 3237 772 3317 ιδ,
789 3237 839 3315 76.
858 3237 928 3308 ..de
944 3253 981 3297 re
1003 3234 1095 3298 nihil
1114 3253 1253 3320 possum
1270 3235 1445 3320 judicare,
1475 3235 1544 3301 nisi
1563 3237 1654 3302 illud

254 3345 342 3412 mibi
353 3354 442 3411 certe
452 3343 642 3427 persuadeo
663 3346 749 3404 eto*
766 3338 849 3402 vide
861 3339 964 3403 etiam
973 3339 1109 3403 Terent.
1122 3335 1247 3424 Hecyr.
1259 3357 1324 3409 us,
1340 3361 1407 3422 ¹¹7·
1428 3343 1574 3426 Adelph.
1586 3365 1611 3405 ι.
1623 3359 1653 3405 a.

251 3454 311 3519 fin.
324 3454 550 3526 Eun.3.4.1o.
571 3457 603 3512 et
615 3449 643 3510 5.
656 3470 681 3508 ι.
695 3466 742 3510 ιο.
762 3443 994 3508 Omnibusbis
1001 3443 1087 3508 locis
1095 3443 1148 3508 vis
1156 3445 1332 3529 particula
1342 3448 1552 3534 adversativa
1559 3457 1610 3522 est
1620 3454 1655 3515 et

171 3555 187 3565 ”
251 3559 487 3646 &ceptionem
515 3554 622 3622 addit.
651 3535 781 3636 supra,
798 3559 837 3626 ut
862 3550 996 3634 saepius,
1024 3549 1185 3631 adJ'ectivi
1211 3550 1290 3614 loco
1310 3552 1462 3637 positum
1487 3559 1546 3621 est.
1584 3553 1652 3617 Cic.

250 3667 347 3734 Vere.
368 3669 397 3729 5.
407 3667 458 3726 53.
476 3681 589 3745 supra
609 3652 746 3750 adjecit
765 3652 943 3724 Aeschrio
964 3655 988 3719 i.
1008 3675 1037 3720 e.
1058 3656 1168 3734 majus
1186 3657 1347 3740 pretium.
1365 3658 1447 3722 vide
1464 3677 1568 3740 supra
1581 3659 1651 3720 cat.
1701 3693 1703 3700 ι

253 3776 282 3838 5.
303 3780 337 3836 et
355 3772 431 3855 Jug.
449 3771 478 3834 5.
500 3763 580 3832 dein
595 3759 735 3850 patrio.
755 3761 803 3826 ita
823 3765 899 3827 Vat.
920 3781 951 3824 a.
971 3782 1075 3854 quem
1096 3781 1156 3825 vos
1179 3757 1345 3843 imperat.
1366 3781 1427 3826 cos
1447 3781 1514 3824 om.
1533 3761 1608 3828 vas.
1620 3763 1649 3827 5.

250 3897 373 3964 parum
383 3884 483 3958 recte,
504 3893 580 3936 cum
600 3871 765 3935 hocloco
784 3885 978 3952 pronomen
989 3865 1136 3930 consilio
1153 3867 1198 3929 sit
1207 3866 1373 3928 additum.
1388 3861 1577 3948 posuistis.
1589 3866 1651 3932 eir.

252 3989 336 4068 Nep.
353 3987 402 4045 23.
415 3998 445 4044 a.
464 3988 501 4042 te
521 3975 635 4061 ipsum
647 3969 913 4066 frustraberis,
932 3968 968 4035 si
985 3992 1060 4036 non
1075 3968 1325 4036 Hannibalem
1336 3969 1374 4034 ἰιι
1390 3991 1431 4037 eo
1444 3969 1650 4056 belloprin·

252 4087 364 4174 cipem
388 4081 565 4169 posueris.
592 4117 635 4148 e-
660 4073 951 4168 quautisecerit.
988 4096 1093 4159 quam
1119 4097 1242 4162 parum
1273 4078 1452 4142 curaverit.
1478 4075 1648 4160 pericula

251 4214 331 4260 mea
360 4191 562 4255 declarant.
597 4189 670 4252 baec
697 4183 814 4251 omnia
842 4183 918 4248 sine
945 4181 1133 4269 pigmentis
1161 4191 1195 4247 et
1219 4183 1298 4248 luco
1323 4182 1452 4269 puerili
1477 4197 1645 4264 expressa,

250 4297 417 4388 sanguim
444 4301 478 4362 et
502 4293 635 4358 viribus
660 4291 781 4357 nitent.
814 4288 967 4356 relicum
994 4284 1070 4354 nisi
1094 4284 1144 4354 vis
1164 4284 1382 4368 commoveri
1398 4289 1473 4351 Vat.
1492 4304 1522 4348 a.
1551 4286 1645 4350 unde

1035 4413 1039 4420 ·
1277 4398 1301 4448 s
