4106 4974
393 365 471 442 ’ποθ

395 558 562 644 amburit,
582 563 618 623 et
636 572 692 620 res
710 557 904 620 memoratu
923 548 1144 638 dignissimas
1157 554 1216 614 aut
1236 546 1408 637 omiserit,
1429 556 1490 614 out
1510 569 1583 616 non
1605 549 1688 616 artis
1706 571 1808 620 accu-

395 675 469 730 rate
489 660 704 750 explicuerit.
743 659 884 726 Accedit
909 660 1004 742 quod
1031 657 1084 722 rei
1102 655 1309 742 gravissime
1329 655 1429 721 nulla
1445 658 1541 742 apud
1557 655 1748 722 Salustium
1767 659 1809 726 lit

397 769 549 853 mentio,
577 768 616 831 in
636 764 864 851 ipsoscilicet
882 771 1004 830 senatu
1024 762 1152 828 multos
1171 760 1296 848 fuisse,
1328 761 1391 844 qui
1411 761 1569 830 Catilinae
1589 761 1736 850 inceptis
1754 765 1810 830 ia·

395 880 526 942 serent.
576 874 661 958 Quae
687 869 829 954 quidem
859 889 914 936 res
950 869 991 934 in
1021 867 1275 932 dubitationem
1305 866 1423 932 vocari
1454 885 1526 932 non
1558 877 1699 954 potest,
1727 889 1808 936 cnm

306 971 308 976 ’
398 981 517 1045 Cicero
537 983 571 1044 et
591 977 632 1042 in
652 975 811 1042 oratione
827 974 866 1039 iu
887 983 1008 1040 senatu
1027 973 1148 1039 habita
1168 980 1300 1038 etcum
1320 993 1385 1060 pro
1395 972 1530 1040 Rostris
1547 974 1654 1038 verba
1668 973 1808 1061 laceret,

397 1105 472 1152 rem
491 1075 542 1148 ita
560 1101 633 1148 sese
653 1081 782 1147 habere
801 1091 917 1166 aperte
937 1080 1078 1145 indicet.
1099 1078 1285 1144 cl'r.·0r.1.
1306 1077 1377 1150 eat
1398 1099 1474 1164 esp.
1496 1095 1543 1144 tn.
1570 1119 1588 1156 ι
1600 1081 1814 1165 Quanquam.

397 1229 415 1266 e
440 1188 606 1254 nonnulli
627 1197 709 1254 suut
729 1187 768 1252 in
787 1186 855 1252 hoe
875 1185 1019 1271 ordine,
1038 1187 1101 1269 qui
1121 1193 1180 1252 aut
1200 1203 1257 1270 ea,
1277 1203 1353 1266 quar
1374 1181 1575 1269 imminent,
1595 1185 1815 1272 conrident„

397 1335 415 1372 e
438 1303 498 1360 aut
517 1314 575 1381 ea,
594 1313 672 1378 quse
686 1293 828 1378 vident,
848 1291 1094 1375 dissimulant,
1120 1289 1289 1375 quispem
1310 1288 1466 1355 Catilium
1485 1289 1651 1354 mollibus
1670 1301 1810 1358 senten-

398 1441 416 1478 .
439 1400 499 1465 tiis
518 1400 680 1463 aluerunt
699 1397 1043 1480 coniurationemque
1064 1405 1259 1462 noscentem
1280 1414 1352 1460 non
1374 1397 1546 1460 eredendo
1567 1397 1811 1462 corroborare-

398 1545 416 1582 ι
440 1512 532 1570 runt.
562 1505 719 1588 Quorum
737 1504 975 1568 auctoritatem
997 1501 1105 1566 secuti
1124 1501 1227 1566 multi
1254 1519 1326 1568 non
1352 1499 1467 1567 solum
1497 1499 1670 1587 improbi,
1687 1523 1809 1568 renam

399 1649 417 1686 .
442 1609 547 1674 etiam
567 1607 743 1692 imperiti,
758 1608 792 1672 si
812 1607 852 1672 in
870 1609 964 1672 hunc
983 1605 1318 1691 animadvertissem,
1346 1605 1532 1672 crudeliter
1558 1615 1592 1672 et
1618 1606 1715 1694 regie
1739 1605 1809 1671 lae-

399 1727 424 1789 r·
442 1721 517 1777 tum
536 1731 608 1776 esse
627 1713 794 1777 dicerent.
807 1712 828 1746 '’
859 1711 918 1776 cfr.
942 1713 1002 1776 Or.
1023 1713 1092 1776 Cat.
1110 1727 1141 1780 a.
1158 1727 1187 1774 n.
1228 1713 1330 1788 ,Sed
1350 1732 1455 1798 quam
1474 1711 1601 1776 multos
1620 1711 1726 1778 fuisse
1745 1733 1812 1798 pu·

400 1857 418 1894 c
441 1817 539 1900 tatio,
559 1817 638 1901 qui,
661 1834 737 1898 quae
752 1836 818 1903 ego
832 1815 1016 1902 deferrem,
1039 1835 1112 1880 non
1126 1819 1331 1884 crederent?
1352 1837 1457 1902 quam
1471 1818 1610 1902 multos,
1630 1816 1692 1900 qui
1704 1837 1813 1903 prop·

398 1961 417 2000 .
440 1931 495 1987 ter
513 1921 698 1986 stultitiam
726 1941 799 1986 non
826 1924 1010 2008 putarent?
1039 1942 1143 2004 quarn
1164 1923 1309 2008 multos,
1338 1921 1402 2006 qui
1430 1923 1534 1988 etiam
1562 1922 1813 1990 defenderent?

400 2068 418 2104 e
441 2047 546 2110 quom
566 2028 711 2112 multos,
732 2029 795 2110 qui
813 2037 955 2114 propter
974 2027 1232 2112 improbitatem
1253 2026 1406 2094 inserent
1418 2027 1459 2093 i”
1489 2029 1656 2094 preterea
1675 2027 1812 2092 Plutar-

341 2132 343 2136 ’
401 2135 487 2200 chus
506 2135 574 2198 boc
594 2133 662 2218 ipsi
684 2132 842 2200 Catilina
864 2152 1066 2220 persuasum
1086 2132 1192 2198 fuisse
1212 2113 1348 2217 narrat,
1375 2152 1564 2216 eorumque
1594 2141 1813 2218 senatorum,

402 2239 465 2322 qui
485 2239 556 2303 suis
576 2239 732 2304 consiliis
754 2239 927 2325 faverent,
946 2240 1078 2305 auxilio
1099 2239 1247 2325 fretum,
1268 2237 1374 2324 paulo
1394 2247 1475 2304 ante
1495 2237 1636 2304 comitia
1656 2239 1813 2304 consuls-
1876 2313 1889 2326 ‚

400 2345 455 2410 ris
475 2344 634 2410 Ciceroni
654 2347 836 2430 superbius
857 2346 1083 2432 respondisse.
1103 2343 1163 2410 eir.
1183 2345 1252 2412 Vit.
1271 2344 1338 2408 Cic.
1358 2363 1430 2429 cap.
1445 2357 1493 2421 ¹4·
1533 2343 1628 2409 idem
1651 2347 1696 2410 de
1717 2343 1813 2410 indi-

402 2449 468 2515 ciis
486 2447 584 2514 lactis
597 2461 695 2534 ¹recte
711 2451 867 2530 judieat=
888 2454 922 2521 ἐι
942 2449 1026 2522 J'rio'
1045 2449 1220 2550 rirSga'cm
1238 2448 1377 2539 μηνύσεις
1395 2447 1524 2526 bubuli
1542 2445 1604 2536 rsit
1622 2441 1707 2525 isar,
1730 2443 1824 2534 cleu„

403 2552 472 2627 t‘rlc
494 2549 625 2642 ἰ’λνγχον
644 2553 830 2653 inexpertas
860 2557 922 2630 aa?
941 2553 1051 2656 nitigis
1076 2555 1194 2646 s’rlo'ffou
1215 2555 1269 2626 sol
1287 2555 1377 2644 μέγα
1395 2553 1575 2644 breuior.
1590 2557 1641 2630 iol
1659 2554 1812 2644 deflebim-

403 2675 509 2739 quam
530 2658 673 2738 quidem
694 2661 739 2720 ob
762 2680 834 2722 rem
855 2661 924 2723 Dio
936 2662 1070 2724 Cassius
1090 2660 1290 2726 Ciceronem
1315 2661 1490 2726 calumnie
1510 2662 1739 2747 suspicionem
1754 2659 1816 2724 in·

404 2761 549 2826 curriste
572 2760 685 2826 tradit·
704 2762 729 2827 l·
753 2768 802 2845 37·
824 2782 896 2850 cap.
919 2768 969 2827 31·
1001 2757 1067 2838 iet·
1084 2760 1140 2834 eal
1157 2762 1210 2836 im*
1229 2767 1404 2856 cremarit,
1429 2765 1481 2845 ‘tir
1505 2765 1659 2867 Recipere
1682 2771 1815 2849 διαβλη-

404 2871 509 2939 Si‘ror.
533 2869 700 2933 Salustius
721 2880 852 2956 autem,
875 2891 953 2934 cum
972 2870 1097 2955 sepius
1116 2873 1159 2935 de
1179 2871 1224 2936 iis
1245 2873 1449 2959 exposuerit,
1478 2873 1541 2958 qui
1567 2891 1683 2936 rerum
1701 2890 1810 2936 noro-

305 3021 318 3042 .
403 2995 482 3040 rum
496 2975 625 3061 cupidi,
647 2975 804 3042 Catilinae
825 2976 961 3063 incepta
976 2979 1214 3070 probaverint,
1237 2987 1349 3044 tamen
1372 2980 1465 3065 ipsos
1483 2987 1657 3045 senatores
1677 2995 1815 3063 snspec·

403 3091 457 3144 tos
478 3079 582 3148 luisse
601 3084 700 3148 nullo
722 3084 800 3150 loco
823 3083 919 3151 dicit.
950 3091 1000 3152 Ne
1012 3087 1080 3151 boc
1089 3085 1237 3170 quidem
1250 3085 1330 3150 satis
1349 3095 1504 3150 accurate
1518 3084 1690 3171 exposuit,
1710 3103 1815 3166 quom

405 3181 548 3250 difficile
576 3186 694 3272 fuerit,
728 3191 1001 3269 conjurationem
1031 3192 1214 3258 manifesto
1247 3194 1518 3276 deprehendere,
1548 3211 1627 3255 cum
1656 3187 1816 3254 Ciceroni

404 3291 546 3373 quidem
564 3291 821 3372 conjuratorum
843 3295 988 3357 consilia
1009 3307 1182 3378 comperta
1197 3307 1325 3382 essent,
1346 3297 1596 3378 conjurationis
1608 3304 1721 3360 sutem
1734 3312 1815 3358 auo·

404 3402 497 3458 tores
516 3397 673 3461 criminis
692 3398 853 3464 convinci
873 3421 943 3464 non
964 3410 1112 3484 possent.
1140 3401 1206 3469 Sed
1237 3402 1412 3469 neminem
1444 3401 1553 3490 fugit,
1583 3404 1649 3466 hae
1675 3399 1816 3486 potissi·

405 3500 502 3561 mum
523 3499 561 3560 in
582 3521 619 3564 re
639 3502 815 3567 Ciceronis
835 3506 987 3567 studium
1014 3505 1117 3570 luisse
1137 3509 1306 3592 positum,
1325 3519 1364 3573 ut
1383 3519 1418 3574 et
1436 3510 1588 3594 sentiret,
1608 3527 1685 3590 quae
1694 3505 1816 3586 conjn-

404 3603 473 3670 rati
494 3603 719 3688 molirentur,
741 3615 775 3670 et
795 3603 941 3690 inceptis
962 3625 1083 3670 eorum
1103 3609 1242 3672 obviam
1263 3611 1338 3676 iret.
1368 3615 1536 3680 Salustius
1556 3623 1672 3678 autem
1691 3631 1815 3695 quam·

404 3711 458 3776 vis
480 3712 655 3777 Ciceronis
676 3709 862 3796 aliquoties
882 3731 961 3777 cum
982 3711 1085 3776 laude
1100 3709 1311 3780 mentionem
1326 3717 1461 3805 lecerit,
1483 3727 1598 3786 tamen
1610 3728 1727 3805 aperte
1741 3735 1815 3782 non

406 3815 512 3901 dixit,
541 3818 638 3883 illius
658 3818 806 3884 maxime
826 3819 997 3884 industria
1018 3828 1121 3902 atque
1140 3821 1322 3907 vigilantia
1346 3825 1471 3888 factum
1493 3845 1584 3903 esse,
1613 3832 1653 3888 ut
1671 3825 1754 3887 urbs
1774 3839 1816 3888 ex

405 3920 510 3984 tontis
529 3924 694 4005 perieulis
711 3925 926 3990 liberaretur.
947 3929 1041 4009 quod
1072 3947 1143 3990 non
1163 3929 1275 3992 solum
1297 3930 1488 4014 Ciceronis,
1510 3933 1571 3996 sed
1594 3929 1699 3994 etiam
1718 3945 1816 3992 senaa

405 4033 460 4090 tus
485 4026 678 4111 populique
706 4030 858 4094 Romani
877 4030 981 4096 luisse
1011 4032 1211 4118 judicium,
1241 4033 1324 4098 inde
1350 4035 1512 4120 colligas,
1541 4037 1636 4118 quod
1674 4041 1709 4098 et
1737 4051 1816 4118 grs-

406 4131 463 4199 tiae
491 4131 608 4198 verbis
641 4133 862 4217 amplissimis
890 4136 924 4200 ei
962 4147 1044 4202 acte
1074 4147 1152 4226 suot
1165 4147 1189 4222 ,’
1205 4141 1299 4220 quod
1330 4140 1403 4218 ejus
1432 4141 1592 4226 virtute,
1633 4138 1815 4221 consilio,

406 4237 628 4322 providentia
656 4239 850 4326 respublica
878 4242 1043 4328 periculis
1074 4245 1121 4309 ait
1149 4243 1512 4331 maximininum,
1544 4255 1579 4312 et
1605 4243 1814 4332 supplicatio
1868 4227 1873 4236 ’
