4116 4970
1596 415 1639 486 δι

329 622 380 680 En
403 617 467 682 tibi
484 613 663 698 Gerlachi,
681 611 737 674 uir
754 609 974 694 amicissime,
996 631 1072 693 qua
1094 613 1137 674 de
1147 609 1257 672 hortis
1267 605 1467 670 Salustianis
1482 604 1518 666 in
1531 623 1650 687 prom-

249 733 310 810 ptu
340 724 521 787 habebam.
557 724 640 806 Quae
660 739 780 803 parurn
801 716 955 778 absoluta
982 734 1051 777 esse
1078 713 1204 796 etipse
1227 712 1431 788 fatcor3sed
1457 709 1649 772 obscuriori

252 828 401 892 materiae
434 848 537 910 quam
559 825 719 892 amicitiae
739 828 861 883 nostrae
890 822 1004 881 deesse
1026 816 1143 879 malui·
1162 818 1246 882 Vale
1264 827 1297 878 et
1317 815 1407 878 favel
1429 815 1561 877 Dabam
1577 815 1650 876 Ro·

250 953 313 998 mae
342 935 376 996 d.
399 935 489 998 VIII.
520 929 631 994 aKal.
649 930 737 990 Sext.
757 924 1003 986 MDCCCXXV.

334 1317 401 1380 cfr.
410 1323 574 1401 praeterea
585 1316 627 1380 de
638 1313 776 1378 Salustii
788 1314 898 1378 bortis
910 1311 1050 1376 Panrin.
1063 1311 1100 1372 in
1110 1309 1267 1392 descript.
1282 1311 1381 1384 Rom.
1397 1307 1652 1392 Marlian.Typ.

250 1427 351 1486 Rom.
369 1423 445 1484 Lib.
467 1423 524 1485 IV.
546 1441 616 1503 cap.
634 1424 684 1484 23.
715 1418 899 1481 Panciroll.
917 1416 1075 1501 descript.
1096 1419 1196 1479 Rom.
1218 1414 1363 1498 Region.
1385 1423 1485 1476 sexta.
1526 1415 1650 1476 Donat.

250 1526 325 1590 Lib.
341 1527 402 1592 111.
423 1545 451 1587 e.
468 1529 517 1587 23.
548 1523 688 1587 Nardin.
705 1523 781 1587 Lib.
799 1526 855 1588 IV.
876 1544 904 1586 o.
924 1545 952 1603 7.
974 1522 1124 1584 Borrich.
1147 1541 1173 1582 c.
1193 1521 1221 1585 8.
1251 1519 1453 1582 Debrossius
1467 1518 1554 1580 Hist.
1567 1517 1651 1582 Rei·

250 1631 346 1715 publ.
368 1632 532 1692 Romanae
553 1631 650 1692 Tom.
671 1629 730 1690 111.
750 1649 827 1713 pag.
850 1629 924 1690 362.
945 1645 994 1708 sq.
1017 1625 1150 1703 judicat
1172 1627 1290 1687 hortos
1310 1623 1519 1686 salustianos
1541 1631 1652 1687 totum

250 1733 397 1819 spatium
420 1731 652 1816 continuisse,
679 1736 773 1815 quod
799 1734 881 1796 inde
905 1751 925 1794 a
948 1731 1004 1794 via
1028 1729 1160 1792 Salaria
1181 1739 1284 1810 atque
1306 1733 1518 1790 Nomentana
1543 1747 1651 1808 usque

250 1839 296 1904 ad
320 1858 435 1902 muros
457 1838 553 1900 urbis
575 1838 670 1899 haud
693 1837 814 1920 procul
837 1856 859 1898 a
882 1837 984 1899 Porta
1004 1833 1169 1896 Pinciana
1189 1842 1291 1916 patet.
1331 1835 1397 1896 Sed
1428 1833 1520 1896 idem
1544 1833 1652 1916 paulo

242 1935 344 2004 ‘infra
362 1945 483 2006 eodem
502 1943 580 2004 loco
601 1941 705 2004 etiam
723 1940 815 2004 riam
838 1942 1024 2004 Mamurrae
1047 1949 1080 2001 et
1102 1936 1242 2024 Quirini
1272 1937 1437 2020 templum
1465 1946 1498 1999 et
1520 1945 1652 2018 partem

252 2045 364 2129 campi
384 2047 539 2110 scelerati
555 2046 658 2108 luisse
678 2045 780 2128 dicit,
800 2045 848 2107 ita
873 2053 911 2106 ut
931 2047 973 2105 de
992 2044 1170 2106 hortorum
1188 2039 1315 2102 finibus
1334 2060 1455 2122 parum
1474 2049 1562 2102 recte
1583 2049 1653 2102 sta-

250 2148 355 2212 tuisse
370 2150 537 2212 rideatur.
567 2148 636 2232 Qui
661 2148 796 2210 etiamsi
817 2147 1004 2211 serioribus
1029 2145 1239 2229 temporibus
1266 2145 1405 2207 latiores
1416 2143 1571 2227 fuerint,
1603 2153 1652 2206 ta·

252 2271 332 2316 men
351 2255 418 2315 hoc
435 2273 507 2314 non
520 2250 659 2313 Salustii
680 2251 823 2314 luxuriae
842 2251 1080 2333 tribuendum,
1099 2249 1182 2329 quia
1204 2251 1298 2310 haud
1324 2248 1428 2310 dubie
1457 2256 1490 2311 et
1512 2248 1654 2310 Salustii

253 2375 359 2440 nepos
379 2365 411 2418 et
436 2355 673 2438 imperatores,
703 2353 829 2434 quibus
851 2353 881 2416 is
901 2353 998 2418 locus
1023 2353 1061 2416 in
1079 2352 1214 2418 deliciis
1238 2352 1304 2415 luit
1327 2351 1448 2415 villam
1472 2352 1654 2437 splendide

254 2469 356 2542 atque
372 2459 551 2546 magnifice
570 2469 823 2522 exornaverant.

262 2557 264 2564 '
332 2568 419 2626 Nam
438 2584 508 2627 non
522 2565 634 2626 solum
648 2565 818 2648 Augustus
835 2563 886 2625 ibi
898 2561 1054 2626 convivia
1067 2562 1241 2625 luxuriosa
1260 2563 1461 2646 celebravit,
1480 2564 1654 2628 sedetiam

252 2667 532 2750 Vespasianusibi
540 2668 661 2749 saepius
670 2687 772 2747 quam
783 2667 822 2728 in
829 2666 958 2750 palatio
969 2678 1118 2731 versatus
1129 2677 1187 2752 est,
1198 2665 1272 2751 (cfr.
1280 2669 1348 2730 Dio
1366 2671 1451 2730 Cass.
1459 2669 1481 2729 l.
1492 2669 1531 2748 l.)
1542 2674 1651 2732 Nerva

253 2774 373 2834 eodem
386 2771 424 2833 in
435 2772 512 2834 loco
520 2771 709 2854 plurimum
719 2771 882 2854 temporis
893 2771 1087 2853 luitibique
1097 2782 1146 2836 est
1162 2784 1316 2835 mortuus
1331 2774 1454 2834 Euseb.
1465 2795 1499 2855 p.
1514 2776 1579 2848 146.
1594 2777 1654 2836 Ed.

252 2874 338 2937 Scal.
348 2882 450 2938 Amat.
472 2877 558 2936 1658.
575 2885 610 2938 et
626 2875 830 2938 Aurelianus
844 2875 1010 2954 quamdiu
1025 2877 1143 2939 Romae
1159 2875 1242 2959 fuit,
1259 2876 1297 2937 in
1322 2876 1431 2937 bortis
1454 2859 1671 2941 salustianis·

255 2987 482 3043 commoratus
500 2987 559 3062 est,
576 2998 662 3060 quos
673 2976 1123 3061 splendidissimisaedificiis
1131 2981 1316 3043 exornavit.
1338 2978 1656 3062 Cir.Scriptt.Hist.
1734 3054 1737 3064 ἢ

257 3082 460 3168 Augustae.
486 3081 554 3144 Ed.
577 3084 726 3144 Salmas.
759 3082 798 3141 A.
813 3080 976 3143 MDCXX.
997 3081 1102 3144 Paris.
1121 3104 1154 3163 p.
1183 3084 1253 3144 225.
1273 3085 1430 3146 Ceterum
1453 3083 1656 3148 Debrossius

253 3193 345 3252 recte
359 3185 492 3268 statuit,
506 3185 597 3246 Circi
610 3184 798 3267 reliquias,
818 3205 893 3265 quae
905 3185 1091 3247 etiamnum
1107 3195 1252 3261 exstant,
1272 3206 1343 3249 uon
1361 3191 1406 3250 ad
1419 3189 1527 3252 Florae
1542 3191 1602 3252 sed
1611 3193 1656 3251 ad

254 3289 398 3354 Veneris
408 3288 561 3373 Erycinae
584 3288 712 3351 circum
730 3289 912 3372 pertinere.
933 3291 1010 3373 Quo
1027 3289 1064 3351 in
1080 3293 1278 3354 exornando
1290 3291 1456 3356 Salustius
1474 3307 1657 3378 occupatus

254 3391 358 3456 fuisse
369 3393 514 3456 videtur.
529 3395 616 3454 Narn
626 3401 659 3455 et
673 3396 837 3476 templum
846 3403 879 3457 et
891 3393 1018 3456 circum
1031 3395 1217 3459 multaarte
1230 3396 1333 3461 fuisse
1351 3407 1566 3481 exstructum,
1582 3399 1655 3476 jam

256 3498 336 3562 satis
358 3505 499 3560 constat.
540 3501 589 3560 Ne
605 3496 717 3558 lorum
731 3496 960 3559 Salustianum
980 3499 1137 3581 quidem,
1154 3503 1247 3581 quod
1263 3501 1459 3585 dicebatur,
1480 3504 1655 3566 aSalustio

257 3595 464 3666 exstructum
479 3597 582 3664 fuisse
598 3600 680 3663 inde
700 3601 878 3684 conjicias,
899 3605 993 3682 quod
1013 3603 1085 3681 ejus
1103 3605 1243 3669 nomine
1260 3607 1468 3690 appellatum
1487 3616 1546 3670 est.
1565 3608 1656 3672 Fieri

257 3705 351 3769 enirn
368 3705 492 3789 potuit,
510 3714 547 3766 ut
563 3707 629 3766 boc
648 3725 774 3767 nomen
791 3704 823 3766 ei
837 3704 1023 3789 inderetur,
1039 3709 1233 3788 quodvillae
1248 3711 1447 3776 Salustianae
1460 3711 1656 3793 proximum

257 3806 335 3870 fuit.
359 3809 522 3872 Balneum
543 3807 646 3872 etiam
670 3807 721 3870 ibi
742 3807 845 3871 luisse
866 3808 1072 3886 conjectatur
1085 3811 1286 3890 Nardinius,
1316 3817 1409 3893 quod
1430 3818 1657 3894 aequaeductus
1704 3855 1706 3860 ·

260 3911 428 3992 reliquias
455 3911 619 3976 detexisse
651 3911 718 3974 sibi
735 3911 826 3973 visus
841 3920 900 3974 est.
932 3913 1143 3998 Statuarum,
1165 3937 1241 3998 quae
1257 3917 1309 3979 ibi
1327 3913 1456 3984 effossae
1470 3931 1564 4006 sunt,
1585 3944 1656 3986 ma-

258 4015 350 4078 xima
369 4014 478 4098 eopia.
518 4016 643 4078 Praeter
669 4013 1017 4100 Hermaphroditum,
1039 4020 1082 4080 de
1109 4038 1178 4100 quo
1205 4039 1307 4104 supra
1335 4035 1561 4088 memoratum
1587 4038 1656 4112 est,

258 4119 399 4182 summis
422 4119 582 4182 laudibus
605 4119 795 4182 celebratur
809 4120 959 4202 Faunus,
983 4121 1043 4201 qui
1063 4122 1229 4186 infantem
1247 4128 1441 4209 complexus
1462 4140 1571 4207 tenet3
1594 4133 1658 4192 Pa-

258 4222 368 4306 pirius
385 4222 529 4306 juvenis,
550 4232 691 4288 matrem
706 4223 809 4288 nimis
820 4223 991 4287 curIosum
1007 4226 1193 4291 mendaciis
1204 4228 1343 4310 fallens3
1364 4234 1530 4296 mirmillo
1544 4236 1657 4318 exspi-
