4108 4976
1606 415 1677 510 287

273 597 473 664 exercitum
495 599 639 666 omissis.
670 617 747 682 que
761 600 835 680 jam
858 617 900 665 eo
922 597 1066 662 nomine
1083 599 1238 682 suspecta
1262 604 1359 682 sunt,
1390 603 1485 681 quod
1503 602 1682 689 participi.

271 725 333 767 um
352 703 461 769 futuri
478 701 700 796 juraturum
719 705 894 770 nonsatis
917 713 1048 769 certum
1070 712 1135 786 cst,
1171 710 1206 767 et
1237 701 1323 786 quia
1346 707 1568 788 sequentibus
1589 708 1683 776 idem

270 809 343 874 iere
353 811 565 895 exprimitur.
587 819 622 876 et
634 810 719 903 jam
735 807 893 894 paratis.
905 810 929 873 i.
941 830 971 874 e.
992 808 1155 890 quaejam
1176 817 1368 892 paraverat3
1390 814 1450 874 sed
1470 815 1516 876 ad
1529 833 1605 896 quae
1615 818 1682 880 1100

270 915 459 1000 pertineat,
484 937 555 981 non
573 918 654 981 satis
668 918 813 996 clarum,
831 914 969 979 videtur
987 921 1106 976 auctor
1125 913 1335 998 significare,
1356 936 1432 996 quae
1449 917 1543 983 bello
1567 940 1683 986 neces·
1764 989 1769 999 ,

271 1021 361 1084 saria
380 1023 525 1087 vaccam
548 1029 834 1106 comportaverat,
861 1027 895 1084 et
917 1020 1012 1100 quod
1029 1017 1229 1103 praesidium
1253 1018 1334 1082 urbi
1350 1019 1570 1105 imposuerat.
1610 1030 1683 1092 Ro·

271 1145 392 1189 manos
405 1126 547 1207 quidem
563 1137 768 1192 mercatores
778 1125 1027 1209 impedimento
1046 1124 1120 1188 fore
1135 1125 1294 1208 putabat,
1315 1127 1501 1206 quominus
1513 1130 1681 1216 oppidum

272 1248 293 1292 a
309 1231 475 1296 Romanis
495 1233 710 1312 desciscerct3
737 1240 930 1296 commeatu
949 1239 1064 1292 autem
1086 1229 1287 1312 praesidium
1306 1235 1489 1298 sustentari
1505 1245 1539 1300 et
1553 1236 1682 1303 famem

270 1333 451 1417 prohiberi
462 1336 642 1416 judicavit.
658 1332 810 1421 pacatis
829 1339 941 1420 rebus,
958 1337 1053 1418 quod
1073 1335 1196 1397 Editor
1211 1335 1346 1421 Bipont.
1373 1340 1518 1425 recepit,
1549 1341 1682 1408 nullius

271 1438 356 1502 libri
379 1440 581 1506 auctoritate
599 1442 771 1526 firmatur,
800 1451 833 1507 et
856 1461 918 1506 cur
940 1440 1045 1506 etiam
1055 1435 1209 1522 pacatis
1229 1440 1336 1508 rebus
1360 1445 1576 1510 munimento
1595 1467 1682 1532 opus

272 1543 333 1627 sit,
362 1545 435 1628 ipse
461 1546 598 1610 viderit.
625 1545 711 1637 jam
738 1568 805 1616 om.
831 1547 918 1611 Min.
933 1569 961 1608 a.
996 1546 1131 1610 Flor.'1.
1154 1542 1305 1628 paratis
1329 1554 1365 1610 et
1391 1548 1499 1612 rebus
1527 1553 1618 1614 Med.
1634 1573 1682 1615 10.

271 1669 378 1730 quare
398 1659 508 1714 totum
527 1655 621 1718 bunc
642 1655 759 1718 locum
779 1653 829 1716 ita
847 1655 1106 1719 rescribendum
1127 1671 1199 1716 esse
1220 1663 1323 1735 puto:
1342 1655 1433 1718 Huc
1457 1655 1612 1740 Consul,
1632 1652 1682 1722 si-

269 1757 351 1847 mul
367 1755 573 1839 temptandi
587 1756 731 1847 gratia,
757 1768 809 1841 et,
828 1755 863 1822 si
875 1766 1114 1840 paterentur,
1135 1753 1415 1838 opportunitate
1436 1757 1525 1835 loci,
1540 1757 1683 1841 praesi-

270 1855 369 1923 dium
383 1857 557 1945 imposuit
566 1885 575 1942 ς
583 1871 780 1944 praeterea
780 1857 1017 1950 frumentum
1029 1866 1065 1923 et
1076 1854 1169 1943 alia,
1181 1879 1275 1940 quae
1286 1858 1378 1924 bello
1390 1857 1624 1950 usuiforent,
1638 1886 1680 1931 eo

264 1973 437 2046 portare3
463 1974 571 2028 ratus
597 1966 651 2050 id,
673 1967 774 2049 quod
794 1986 853 2028 res
874 1963 1061 2044 monebat,
1073 1958 1330 2051 frequentiam
1349 1964 1625 2052 negotiatorum
1643 1981 1681 2036 et

270 2068 666 2153 commeatumparatis
679 2065 1017 2136 rebusmunimento
1028 2063 1294 2156 fore-Inter
1313 2068 1402 2132 haee
1422 2065 1583 2157 negotio.
1604 2075 1628 2136 i.
1649 2096 1679 2140 e.

269 2175 353 2236 dum
367 2176 441 2238 baec
453 2195 474 2236 a
489 2175 633 2238 Metello
650 2185 825 2260 geruntur.
848 2175 1039 2239 notandum
1056 2174 1125 2249 boc
1137 2192 1276 2256 quoque
1287 2172 1382 2257 loco,
1396 2185 1587 2240 accuratam
1599 2200 1679 2264 per.

268 2280 361 2358 sonae'
378 2277 683 2365 significationem,
696 2283 741 2373 ad
761 2299 864 2364 quam
884 2281 952 2342 boc
974 2277 1163 2363 pertineat,
1192 2298 1213 2341 a
1231 2273 1398 2362 scriptore
1420 2299 1491 2344 esse
1508 2283 1679 2351 omissam.

270 2377 466 2465 impensius
486 2385 605 2449 mode.
625 2385 706 2452 vide
722 2384 815 2449 inira
830 2403 902 2472 cap.
916 2387 966 2466 75.
986 2385 1142 2470 impense
1160 2383 1300 2469 proprie
1322 2385 1456 2471 magnis
1471 2390 1679 2476 sumptibus,

269 2495 342 2550 tum
363 2488 531 2574 studiose,
554 2492 795 2575 vehementer,
816 2492 974 2556 multum.
995 2492 1123 2574 modo,
1148 2493 1193 2554 ad
1211 2491 1481 2574 comparativum
1504 2493 1678 2582 additum,

267 2595 501 2661 abundantius
518 2598 649 2660 dictum
668 2600 814 2662 ethaud
830 2598 938 2664 dubie
956 2617 997 2662 ex
1019 2596 1163 2678 antiquo
1179 2615 1337 2662 sermone
1360 2597 1553 2682 repetitum.
1582 2600 1680 2665 simi-

266 2697 317 2762 lia
329 2709 421 2764 sunt:
440 2702 516 2766 sine
531 2706 652 2787 modo,
679 2711 788 2786 extra,
814 2713 939 2789 praeter
961 2705 1121 2786 modum,
1148 2713 1210 2766 etc.
1242 2711 1393 2766 ceterum
1410 2705 1501 2767 hanc
1516 2725 1636 2771 vocem
1656 2727 1681 2770 a
1757 2681 1762 2706 ⁵

266 2804 414 2870 Salustio
436 2808 621 2891 saepissime
643 2809 803 2892 usurpari
817 2808 892 2888 jam
909 2828 1010 2891 supra
1025 2807 1189 2877 vidimus,
1207 2803 1372 2874 inlectos.
1396 2807 1456 2875 cir.
1467 2811 1536 2870 Cat.
1550 2812 1599 2889 ⁵7·
1627 2809 1677 2876 10-

268 2928 305 2971 re
326 2909 362 2970 in
387 2911 514 2974 malam
533 2922 665 2995 partem
685 2920 885 2996 usurpatur,
916 2914 977 2976 sed
994 2911 1105 2974 rarius
1126 2918 1160 2976 et
1177 2911 1325 2976 maxime
1345 2914 1438 2996 apud
1462 2913 1677 2995 antiquiores

267 3013 449 3097 scriptores
467 3016 627 3089 occurrit.

337 3120 419 3202 Cap.
437 3121 584 3184 XLVIII.
615 3117 819 3205 composuit
839 3122 863 3184 i.
884 3141 913 3190 e.
935 3123 1154 3207 comparavit.
1174 3121 1235 3185 cfr.
1260 3119 1354 3207 Virg.
1373 3122 1496 3209 Georg.
1512 3145 1539 3185 1.
1555 3129 1623 3208 176.
1642 3125 1678 3192 si

262 3247 380 3308 parva
406 3221 493 3290 lieet
514 3244 730 3310 componere
758 3227 911 3316 magnis.
931 3267 974 3282 -
993 3225 1070 3292 suis
1098 3223 1242 3291 artibus
1269 3227 1294 3291 i.
1321 3246 1350 3291 e.
1370 3227 1453 3320 (1010
1481 3237 1514 3293 01
1545 3230 1675 3317 fraude,
1728 3313 1729 3318 ἵ

266 3331 393 3414 quibus
403 3330 477 3415 ipse
484 3331 675 3415 plurimum
693 3332 813 3396 valuit.
834 3329 1055 3398 verbis-re.
1076 3335 1191 3400 Groece
1205 3330 1292 3423 λόγῳ
1305 3327 1451 3432 -ipprn
1463 3335 1568 3398 etiarn
1581 3341 1673 3422 apud

266 3437 409 3506 Latinos
420 3437 602 3522 scriptores
617 3437 801 3523 saepissime
819 3441 976 3504 occurrit.
998 3443 1175 3528 alienata.
1195 3440 1352 3524 cinNep·
1370 3441 1469 3504 Ham.
1484 3457 1512 3501 a.
1532 3443 1674 3527 proprie

266 3554 316 3610 est
333 3564 368 3608 se
384 3544 427 3606 ab
444 3544 589 3623 alicujus
606 3545 759 3608 amicitia
777 3565 953 3636 remorcre
969 3555 1003 3612 et
1022 3545 1108 3626 alias
1132 3554 1246 3630 partes
1262 3545 1371 3632 sequi.
1391 3547 1513 3630 saepius
1534 3569 1598 3632 pro
1616 3551 1673 3614 de-

155 3717 159 3726 ,
250 3649 370 3734 ficere
390 3649 528 3714 dicitura
557 3649 732 3733 temptati
746 3651 770 3714 i.
787 3672 817 3716 e.
837 3655 880 3714 ad
897 3651 1132 3736 proditionem
1152 3650 1304 3736 impulsi.
1326 3649 1589 3718 necessitudine
1607 3675 1671 3737 pro

266 3755 464 3819 necessitate
482 3754 650 3819 Salustius
667 3756 790 3840 sepius
810 3755 909 3824 dixit.
929 3757 1010 3821 vide
1024 3761 1094 3820 Cat.
1110 3780 1159 3839 s7.
1174 3759 1222 3819 118.
1243 3755 1357 3821 armis·
1379 3764 1531 3819 certare.
1560 3759 1675 3822 consi..

266 3857 317 3921 lio
336 3861 408 3924 haec
426 3861 476 3923 ita
503 3861 684 3945 expressit,
713 3871 752 3926 ut
772 3862 1052 3928 antecedentibus
1072 3862 1196 3927 fortius
1220 3869 1486 3946 opponerentur.
1506 3861 1670 3928 omnium

263 3984 447 4050 generum.
476 3965 537 4030 cfr.
556 3970 626 4030 Cat.
640 3984 689 4044 24.
702 3971 753 4048 39.
779 3969 840 4032 sed
860 3967 1007 4052 pluralis
1032 3969 1142 4032 rarius
1162 3967 1329 4052 occurrit,
1356 3968 1421 4030 bac
1442 3965 1584 4048 quidem
1601 3971 1670 4055 sig.

266 4067 475 4138 nificatione.
501 4071 613 4136 Plaut.
632 4074 780 4142 Mostell.
795 4076 822 4136 5.
839 4096 867 4136 a.
882 4094 931 4136 ao.
953 4069 1039 4136 nati
1054 4070 1203 4138 summis
1219 4069 1422 4161 generibus.
1441 4111 1483 4156 ··.·
1501 4071 1670 4138 tramites

266 4177 442 4240 occultos.
464 4185 553 4240 recte
568 4178 723 4242 Cottius:¹
752 4188 898 4254 ,trames
917 4179 975 4242 via
991 4199 1063 4246 non
1083 4178 1246 4244 militaris
1259 4179 1321 4246 sed
1338 4187 1497 4262 angusta,
1525 4177 1672 4264 privata,

267 4288 305 4341 ut
328 4279 431 4344 simul
450 4280 553 4350 faciat
571 4281 707 4354 itineris
727 4267 1002 4371 compendium-²³
1032 4265 1093 4352 011.
1111 4303 1213 4368 supra
1229 4285 1320 4352 0238.
1341 4293 1373 4348 01
1393 4285 1524 4365 Catip.
1544 4293 1672 4368 prate-s
