4106 4974
1584 411 1656 490 225

253 608 454 693 retinenda,
476 625 580 692 quam
606 608 698 672 cort.
718 606 902 670 absurdam
923 602 1024 668 dixit.
1053 601 1186 668 scilicet
1203 617 1312 684 usqne
1331 601 1378 666 ad
1392 607 1539 670 mortem
1552 603 1662 690 impe-

252 715 345 780 rium
366 713 531 798 retinuit,
550 732 612 778 sen
630 711 735 778 simrd
759 731 837 776 cunr
856 709 929 776 rita
948 707 1134 796 imperium
1155 707 1282 773 amisit.
1309 706 1348 772 id
1364 710 1495 790 quoda
1513 709 1663 776 brevite·

252 821 297 885 tis
323 819 466 902 quidem
488 818 604 883 studio
624 819 808 900 abhorret,
838 815 896 880 cui
924 814 1027 880 unice
1055 821 1232 882 auctorem
1260 814 1417 882 deditum
1445 834 1517 883 csse
1545 816 1666 883 statuit

253 924 410 1010 eortius,
431 925 492 990 sed
512 943 629 990 rerum
649 921 816 1006 scriptore
835 939 909 985 non
928 919 1114 1006 indignum
1135 927 1195 986 est.
1226 923 1270 985 de
1289 919 1467 1010 locutione
1486 920 1660 987 cinorid.

251 1025 377 1107 Fusus.
388 1031 458 1093 688.
475 1024 834 1111 Romanaespatium
857 1031 911 1091 est
931 1021 1034 1091 urbis
1053 1031 1090 1090 et
1111 1021 1212 1090 orbis
1231 1020 1334 1090 idern.
1353 1026 1480 1090 Senem
1497 1029 1541 1092 de
1553 1027 1661 1094 (ilem.

253 1156 283 1198 ι.
301 1151 331 1212 4.
361 1131 526 1216 idemque
544 1128 631 1197 huic
651 1126 737 1196 urbi
754 1125 970 1195 dominandi
973 1125 1071 1215 finit
1089 1124 1183 1212 erit,
1214 1125 1281 1213 qui
1295 1129 1455 1214 parendi
1462 1124 1599 1222 suerit.
1617 1167 1660 1188 ι-

250 1234 350 1307 Dein
367 1233 539 1322 Micipsa.
558 1255 632 1302 non
651 1235 766 1300 statim
786 1243 864 1322 post
883 1233 1072 1301 Masinissa
1091 1243 1249 1301 mortam.
1277 1233 1339 1302 cfr.
1356 1235 1449 1302 livii
1467 1237 1583 1302 locum
1602 1253 1663 1305 su-

250 1363 316 1429 pra
334 1344 514 1408 laudatum
534 1349 569 1408 et
587 1342 793 1427 Appianum.
828 1361 874 1406 ere
891 1361 967 1408 sese
983 1335 1123 1429 genuit.
1157 1359 1203 1406 ne
1222 1341 1301 1425 quis
1320 1340 1360 1406 in
1379 1341 1536 1407 animum
1554 1341 1662 1408 indu·

252 1457 322 1536 cat,
342 1467 536 1534 pronomen
555 1447 712 1513 additum
741 1466 832 1532 csse,
858 1453 899 1512 ut
918 1453 1152 1531 opponeretur
1175 1449 1354 1534 iugurtha
1379 1451 1564 1532 adoptat03
1588 1449 1663 1516 irae

252 1553 345 1620 enim
366 1555 527 1622 solemnis
546 1560 597 1620 est
615 1551 777 1618 formula.
794 1551 876 1618 ride
895 1550 989 1616 infra
1008 1571 1082 1637 cap.
1096 1554 1147 1617 85.
1167 1555 1258 1618 med.
1272 1551 1345 1618 Lir.
1364 1569 1414 1630 ι4.
1444 1555 1492 1617 ι8.
1523 1573 1569 1618 ec
1587 1573 1663 1618 cese

246 1679 384 1743 parere
404 1659 471 1728 Cic.
501 1661 585 1744 Epp.
603 1672 635 1737 4.
653 1659 681 1724 8.
701 1659 806 1722 cultu
826 1652 969 1722 habuit.
988 1655 1049 1724 cfr.
1069 1656 1145 1726 Lir.
1164 1679 1194 1733 ι.
1207 1662 1259 1723 88.
1298 1653 1433 1722 humili
1451 1659 1556 1722 cultu
1576 1657 1657 1723 edu·

252 1783 340 1828 care
356 1759 527 1848 aliquem.
566 1761 696 1829 cimilia
715 1771 815 1826 sunt:
835 1765 955 1845 laute,
984 1761 1094 1846 bene,
1122 1763 1219 1825 mole
1237 1757 1397 1843 aliquem
1417 1759 1559 1826 habere.
1591 1760 1662 1836 cic,

251 1869 347 1937 Verr.
363 1891 392 1950 7.
409 1890 458 1950 ²7·
478 1875 523 1932 ut
544 1863 576 1931 ie
595 1863 692 1933 rictu
712 1861 914 1949 ceterisque
932 1865 1056 1951 rebur,
1077 1885 1188 1950 quam
1208 1859 1462 1934 liberalissime
1481 1860 1662 1933 comodis·

252 1972 412 2054 cimeque
430 1971 623 2037 habeatur.

230 2101 232 2104 ·
334 2079 417 2161 Cup.
435 2078 493 2143 v1.
519 2069 667 2166 ingenio
688 2071 837 2143 validus.
858 2075 920 2141 cir.
936 2079 1009 2150 t'at.
1025 2098 1054 2157 7.
1075 2068 1262 2165 ingenium
1281 2072 1466 2160 capientia
1489 2069 1660 2149 validum.

254 2181 356 2244 lucu.
377 2180 498 2245 tertius
517 2199 615 2245 maus
633 2182 729 2245 haud
749 2179 867 2248 dubie.
888 2178 950 2244 cir.
964 2180 1080 2244 Plane.
1100 2183 1193 2265 apud
1201 2179 1270 2245 Cic.
1280 2183 1363 2265 Epp.
1378 2180 1458 2246 Div.
1469 2197 1518 2258 ²4·
1538 2177 1662 2247 subito

255 2283 391 2369 impetu
409 2321 453 2338 -
473 2289 635 2352 resistat.
655 2285 703 2354 id.
724 2289 772 2353 13.
787 2305 838 2368 7¹·
858 2283 956 2350 lanc
975 2282 1049 2350 sibi
1066 2283 1415 2353 commendationem
1437 2306 1572 2376 magno
1594 2305 1665 2352 utu

254 2399 290 2454 et
308 2387 522 2483 neip'umento
533 2383 666 2481 fauce.
687 2393 770 2458 Coes.
787 2389 873 2456 Bell.
892 2389 984 2454 Gall.
1006 2393 1036 2455 6.
1063 2409 1114 2470 4ι.
1147 2412 1194 2457 ne
1218 2386 1369 2457 minimo
1400 2388 1543 2475 quidem
1574 2411 1663 2457 catu

254 2495 374 2559 locum
395 2491 559 2578 relinqui
577 2495 713 2566 debere.
743 2495 840 2584 Virg.
865 2496 990 2584 Georg.
1010 2512 1040 2576 4.
1065 2499 1134 2580 ι98.
1180 2497 1284 2581 quod
1299 2517 1367 2562 nec
1386 2491 1585 2564 concubitu
1605 2497 1663 2561 ln·

254 2599 579 2688 dulgenthanoque
598 2602 745 2666 formam
757 2603 868 2666 solam
888 2613 1017 2668 rectam
1039 2623 1111 2670 esse
1129 2603 1264 2690 putavit
1285 2601 1400 2667 Julius
1419 2605 1530 2668 cesar
1555 2601 1595 2666 in
1618 2600 1664 2666 li-

253 2703 548 2793 brisAnalogicis3
568 2707 688 2772 omnia
707 2707 803 2772 enim
822 2708 1021 2774 istiusmodi
1040 2708 1116 2774 sine
1136 2707 1273 2774 literni
1293 2707 1475 2773 scribenda
1494 2724 1566 2771 cese
1581 2721 1663 2770 cen·
1713 2759 1716 2764 .

253 2811 332 2875 suit.
352 2797 502 2882 einim.
522 2813 611 2877 Gell.
631 2830 662 2890 4.
680 2815 728 2883 sti.
750 2813 911 2878 Schneid.
931 2815 976 2879 de
995 2815 1108 2880 Form.
1128 2816 1212 2878 1.1.
1233 2817 1391 2899 popili.
1407 2811 1551 2895 judicat,
1571 2829 1660 2874 non·

253 2915 368 2980 nullas
386 2934 506 2999 rocca,
525 2915 657 2980 scilicet
675 2935 745 2978 utu
765 2923 800 2979 ct
821 2917 932 2998 luxu,
947 2917 1038 2979 hanc
1059 2915 1205 2980 formam
1226 2915 1332 2980 etiem
1350 2914 1390 2977 in
1409 2913 1566 2980 sermone
1584 2913 1664 2978 rul-

254 3021 330 3107 gari
351 3020 553 3099 retinuisse3
573 3022 633 3084 sed
653 3017 897 3101 antiquissimo
918 3019 1044 3100 cuique
1065 3019 1227 3104 scriptori
1244 3018 1466 3084 usitatissima
1483 3017 1561 3082 fuit.
1581 3037 1663 3084 cor·

253 3122 634 3208 rumpendumaddidit
653 3131 792 3204 auctor,
811 3131 850 3186 ut
871 3141 948 3206 quae
967 3123 1089 3188 lurum
1110 3131 1145 3187 et
1165 3121 1328 3186 inertiam
1349 3129 1594 3206 sequerentur,
1612 3122 1662 3189 si·

254 3228 452 3318 gnificaret3
472 3227 636 3292 similiter
659 3227 778 3292 Cicero
797 3229 895 3292 Tusc.
915 3243 946 3303 4.
974 3229 1025 3295 88.
1056 3227 1179 3292 demur
1198 3226 1265 3292 lios
1278 3222 1538 3312 philosophiae
1556 3247 1663 3315 enco-

255 3335 707 3417 lendoe.-tempora.iroc
715 3332 845 3417 plurali
865 3352 1010 3398 nurnero
1030 3351 1241 3418 expressum,
1262 3336 1358 3416 quod
1378 3331 1662 3400 consuetudinem

128 3441 135 3454 '
256 3447 290 3504 et
309 3457 408 3502 usum
426 3437 506 3502 vitae
525 3437 699 3502 describit.
719 3435 778 3501 cir.
800 3439 869 3508 Cic.
888 3441 973 3524 Epp.
987 3439 1066 3503 Diu.
1084 3461 1116 3520 7.
1136 3460 1165 3502 ι.
1194 3433 1381 3504 matutino
1401 3444 1569 3522 tempora
1590 3439 1660 3504 lec·

256 3537 434 3608 tiunculic
453 3563 674 3608 consumere.
716 3545 769 3606 De
788 3545 893 3629 Legg.
912 3564 941 3606 ι.
954 3547 981 3608 8.
1007 3537 1192 3608 subseciva
1213 3543 1392 3626 quaedam
1418 3552 1586 3628 tempora
1606 3538 1662 3606 in·

257 3654 430 3731 currunt,
459 3668 554 3730 quoe
575 3667 642 3736 ego
655 3644 784 3732 perire
803 3669 879 3713 non
892 3646 1038 3731 patior.
1079 3656 1116 3712 et
1134 3641 1336 3714 minimum.
1363 3655 1399 3713 et
1419 3668 1488 3716 om.
1508 3635 1613 3732 Neap.
1635 3669 1663 3714 ι.

256 3754 331 3818 Vat.
344 3755 374 3816 8.
394 3753 517 3836 probo.
536 3748 612 3836 ipre
629 3755 733 3818 delet.
753 3753 884 3816 Minu.
904 3771 1095 3838 perperam.
1136 3761 1269 3818 exacta
1288 3773 1357 3817 cua
1378 3758 1521 3837 aetate,
1534 3752 1662 3837 pervia

257 3852 390 3921 tiberis.
408 3855 458 3920 ita
477 3856 573 3922 Rich.
594 3859 686 3922 Med.
700 3874 730 3922 ι.
756 3857 819 3921 ubi
845 3879 893 3923 ac
912 3878 958 3931 m.
990 3877 1056 3924 sec.
1075 3857 1324 3943 superscripsit.
1353 3857 1437 3921 iude
1463 3865 1556 3925 recte
1588 3857 1661 3924 col·

257 3961 344 4047 ligae
372 3962 533 4048 copulam
568 3965 614 4026 ab
646 3962 721 4048 ipso
753 3961 908 4028 Salustio
940 3963 1102 4028 omissum
1140 3962 1257 4028 uisse.
1308 3982 1350 4030 eo
1377 3959 1539 4051 negotio.
1573 3983 1664 4032 unns

259 4065 373 4131 Gucli.
388 4083 585 4153 4.pronom.
607 4068 717 4154 delet,
735 4069 796 4133 sed
817 4075 850 4132 et
864 4068 999 4133 Curtius
1019 4068 1206 4136 delendum
1221 4068 1366 4150 judicat
1387 4078 1570 4156 comparat.
1587 4087 1662 4155 cap.

260 4173 309 4238 iti.
330 4181 439 4236 ratus
460 4171 503 4236 id
520 4174 622 4256 quod
639 4170 825 4264 negotium
840 4173 1027 4258 poscebat.
1049 4191 1100 4255 up.
1131 4171 1355 4260 participem
1384 4171 1527 4262 negotii
1550 4181 1662 4240 Scau·

258 4298 341 4344 rum
363 4287 565 4364 acceperat.
586 4286 697 4346 cetera
714 4278 809 4346 enim
828 4300 905 4365 quae
923 4278 1042 4347 laudat
1061 4279 1169 4347 nihili
1186 4289 1286 4362 sunt5
1306 4299 1384 4347 cum
1395 4280 1504 4346 altero
1515 4279 1593 4348 loco
1607 4281 1660 4359 84.
