4106 4974
398 417 471 472 210
534 429 538 436 '

395 574 1807 674 tendumestquodrectedixerisestempeststeomuispsucorumhominumopers

398 707 431 764 et
437 696 554 764 studio
570 700 665 782 gesta
672 708 753 758 esse·
768 691 989 774 Quaeounque
999 683 1093 748 enim
1102 689 1162 747 sut
1172 683 1217 746 ad
1230 685 1458 770 evertendam,
1472 689 1589 752 autad
1603 695 1805 760 servandam

397 801 646 890 rempublicam
672 795 762 862 inita
791 801 871 860 sunt
897 789 1060 875 consilia,
1080 808 1121 855 ea
1137 809 1327 876 paucorum
1345 791 1530 859 hominum
1549 793 1710 885 tuerent,
1742 803 1805 886 qui

398 917 457 976 sut
475 907 612 991 virtute,
631 911 691 968 aut
709 919 773 988 per
791 899 863 965 vim
884 904 918 963 et
938 895 1126 960 tectionem
1146 905 1269 962 cuncta
1288 897 1472 986 regebants
1492 901 1597 968 ceteri
1617 905 1729 992 gratis
1747 908 1805 974 vel

363 993 366 998 ⁵
396 1011 548 1104 premiis
577 1011 773 1076 libertatem
801 1003 960 1072 venalem
988 1003 1195 1072 babuerunt.
1234 1001 1320 1088 Ques
1340 1024 1419 1071 cum
1439 1005 1582 1072 illorum
1610 1017 1805 1098 temponrm

396 1119 503 1186 tuerit
522 1117 628 1202 ratio,
641 1115 721 1196 jure
738 1130 803 1179 suo
822 1111 890 1178 boc
909 1108 1084 1176 scribendi
1103 1127 1229 1198 genere
1248 1127 1331 1176 usus
1351 1118 1403 1178 est
1421 1111 1598 1182 Salustius
1616 1117 1731 1203 Quare
1742 1119 1805 1202 qui

397 1245 477 1292 eum
493 1223 711 1311 vituperant,
735 1217 892 1301 rideant,
913 1235 959 1283 ne
986 1213 1114 1281 iaciant
1143 1213 1397 1306 intelligendo,
1424 1222 1465 1284 ut
1484 1219 1576 1286 nihil
1595 1221 1805 1313 intelligam.

396 1330 563 1399 Ridicula
582 1328 677 1394 enim
695 1325 840 1392 illorum
865 1324 955 1390 ratio
982 1323 1073 1388 mihi
1091 1341 1163 1390 esse
1181 1323 1341 1409 ridebis,
1373 1321 1437 1408 qui
1455 1343 1497 1391 es
1515 1327 1808 1417 pbilosophorum
1837 1365 1843 1372 ·

397 1436 526 1504 scholis
551 1441 722 1522 precepta
749 1430 904 1500 historia
933 1429 1122 1496 scribenda
1151 1437 1327 1520 tepebunt,
1356 1437 1392 1498 et
1416 1433 1462 1498 sd
1482 1451 1559 1518 eas,
1587 1455 1666 1519 quas
1684 1455 1805 1502 eorum

397 1541 573 1608 mentibus
585 1538 766 1604 inculcatae
784 1545 865 1602 sunt
885 1533 1029 1622 regulas,
1043 1535 1217 1615 judicium
1238 1538 1282 1604 de
1300 1535 1454 1623 antiquis
1467 1539 1691 1626 scriptoribus
1707 1561 1805 1608 revo-

398 1654 488 1714 cant.
523 1644 641 1710 Alium
661 1641 755 1708 enim
776 1639 847 1704 alia
866 1643 998 1706 decent.
1031 1643 1151 1725 Neque
1171 1643 1368 1708 Herodotus
1387 1643 1595 1710 accusandus
1614 1655 1682 1733 est,
1710 1649 1806 1732 quod

396 1751 599 1842 gravitatem
618 1757 722 1832 atque
741 1747 953 1828 majestatem
971 1745 1188 1832 Thucydidis
1207 1745 1366 1814 oratione
1385 1767 1457 1815 non
1476 1749 1661 1836 expressit,
1690 1769 1808 1834 neque

398 1861 441 1926 de
460 1856 600 1922 Salustii
618 1853 732 1942 gloria
750 1854 1019 1938 detrahendum,
1039 1855 1135 1935 quod
1154 1873 1176 1920 a
1197 1854 1375 1922 Ciceronis
1389 1862 1648 1938 ceterorumque
1659 1857 1808 1944 scripto-

396 1984 476 2029 rum
493 1966 731 2028 Romanorum
750 1976 911 2026 sermone
928 1958 1069 2046 longius
1086 1960 1234 2026 recessit.
1275 1964 1354 2049 Quo
1380 1947 1571 2028 accuratius
1596 1961 1689 2028 enim
1713 1964 1807 2050 opti·

398 2071 447 2137 mi
467 2069 632 2153 cujusque
650 2065 827 2152 scriptoris
843 2064 1037 2132 orationem
1058 2065 1229 2152 excuties,
1262 2085 1305 2132 eo
1330 2065 1456 2133 clarius
1473 2067 1671 2154 apparebit,
1693 2077 1728 2135 et
1752 2089 1807 2136 re·

398 2184 653 2259 rumnatumm,
672 2172 711 2238 in
731 2171 860 2258 quibus
880 2170 1096 2238 illustrandis
1116 2171 1300 2260 scriptores
1317 2182 1515 2260 versantur,
1534 2181 1568 2240 et
1580 2173 1736 2260 ipsorum
1748 2175 1807 2241 in·

398 2282 526 2368 dolem,
543 2283 588 2345 sd
608 2279 802 2346 orationem
823 2298 894 2342 non
914 2277 1028 2342 solum
1049 2277 1229 2364 electione,
1247 2281 1309 2345 sed
1329 2277 1433 2345 etism
1455 2279 1710 2350 constructione
1728 2301 1806 2348 ver·

396 2389 522 2454 borum
543 2385 827 2453 conformandam
847 2383 1039 2471 plurimum
1058 2385 1216 2451 valuisse.
1257 2387 1359 2472 Quod
1382 2383 1445 2448 ubi
1465 2385 1690 2474 cognoveris,
1710 2387 1806 2454 criti-

397 2515 517 2560 corum
535 2513 663 2558 vanum
685 2491 817 2558 ridebis
836 2491 1003 2577 studium,
1025 2490 1184 2556 omnium
1203 2491 1397 2558 orationem
1412 2493 1456 2556 sd
1470 2510 1547 2556 suas
1561 2491 1655 2579 leges
1670 2501 1704 2561 et
1723 2493 1806 2580 plri-

397 2601 623 2684 losophorum
650 2607 822 2685 precepta
842 2598 1013 2686 exigendi.
1052 2597 1145 2661 Huic
1165 2597 1253 2662 vitio
1281 2597 1386 2683 plane
1405 2599 1631 2680 contrarium,
1660 2601 1720 2665 sed
1745 2601 1806 2668 cui

398 2705 534 2772 facilius
555 2705 732 2793 ignoscas,
760 2713 810 2771 est
828 2707 916 2789 hoc,
943 2705 1038 2788 quod
1059 2703 1162 2767 multi
1191 2723 1233 2768 ex
1251 2703 1336 2768 solis
1355 2703 1579 2790 antiquorum
1597 2704 1805 2790 scriptorum

399 2812 632 2878 monumentis
651 2812 739 2878 bene
753 2809 936 2876 scribendi
948 2809 1085 2898 regulas
1104 2809 1289 2895 hauriunt,
1308 2810 1451 2876 adhanc
1470 2830 1628 2877 normam
1646 2811 1805 2877 omnium

398 2919 523 2984 artium
544 2919 876 3006 disciplinarumque
896 2937 1023 3005 genera
1042 2926 1224 3005 revocant,
1255 2925 1289 2984 et
1309 2917 1374 2982 illo
1395 2917 1539 2983 modulo
1558 2918 1614 2984 vel
1634 2917 1807 2984 alienissi-

398 3045 454 3088 ma
473 3026 675 3090 metiuntur.
722 3027 822 3093 Unus
844 3022 994 3109 utrique
1013 3043 1144 3112 error,
1170 3025 1235 3089 sed
1258 3018 1369 3090 variis
1389 3019 1515 3090 illudit
1529 3020 1711 3109 partibus.
1750 3024 1805 3090 Ab

397 3137 544 3210 utroque
564 3133 651 3196 vitio
668 3132 841 3210 judicium
861 3141 900 3195 ut
919 3131 1071 3198 liberunt¹
1092 3131 1154 3217 sit,
1174 3133 1299 3196 barum
1319 3131 1498 3196 literarum
1519 3131 1680 3197 studiosis
1699 3149 1805 3216 quam

399 3235 546 3301 maxime
568 3237 770 3301 enitendum
793 3246 865 3314 cst3
886 3239 960 3298 sola
979 3238 1074 3303 enim
1095 3240 1160 3300 hac
1179 3237 1314 3301 ratione
1327 3238 1403 3302 fieri
1416 3245 1544 3323 potest,
1565 3247 1603 3302 ut
1616 3239 1805 3306 etiamnum

161 3367 165 3374 ‚
282 3371 285 3382 .
398 3361 485 3421 quos
505 3345 600 3409 decet
622 3341 751 3409 tructus
760 3389 771 3421 ,
791 3361 833 3410 ex
852 3341 1077 3408 hunsnitatis
1096 3341 1220 3407 studiis
1238 3341 1484 3429 percipiantur.

633 3723 1537 3758 Q
