4116 4970
406 415 453 490 32

406 625 485 670 rans
515 615 549 671 et
568 615 717 690 quatuor
742 603 865 672 colossi
884 608 1061 695 Aegyptii,
1085 609 1202 694 lepide
1223 606 1373 693 syenite,
1394 617 1429 672 et
1448 605 1559 673 Niobe
1580 626 1657 672 cum
1685 607 1806 674 liberis

408 711 445 774 in
461 727 631 775 marmore
649 715 778 796 caelata,
799 717 891 796 quod
913 733 998 798 opus
1016 715 1066 778 ibi
1086 715 1263 778 inventum
1278 733 1349 776 esse
1363 713 1514 796 Pyrrhus
1526 713 1685 800 ligorius
1697 716 1806 778 docet.

407 815 517 899 Ipsius
536 817 697 898 Salustii,
725 838 800 898 quae
817 818 1018 901 laudantur,
1038 819 1204 904 imagines
1221 839 1343 902 parum
1364 827 1462 882 certee
1486 827 1566 880 sunt
1585 817 1807 880 auctoritatis.

489 921 644 982 Ceterum
676 919 827 982 nominis
851 931 883 982 et
912 923 1129 1006 cognominis
1156 923 1314 985 ordinem
1340 922 1434 1002 quod
1464 919 1603 1004 attinet,
1628 941 1731 1002 quem
1751 939 1807 985 su-

407 1043 469 1108 pra
484 1023 600 1108 posui,
621 1023 721 1086 unice
746 1043 864 1086 rerum
891 1043 961 1087 esse
986 1045 1121 1109 censeo,
1141 1047 1337 1108 quanquam
1354 1027 1447 1088 hunc
1470 1045 1492 1089 a
1508 1025 1731 1110 scriptoribus
1745 1045 1808 1092 sae-

407 1127 485 1211 pius
503 1147 573 1190 esse
594 1128 787 1211 neglectum
808 1127 890 1190 satis
909 1137 1049 1195 constat.
1089 1132 1142 1191 Ita
1164 1131 1328 1193 Horatius
1346 1131 1411 1192 Od.
1430 1131 1473 1196 II.
1496 1134 1568 1193 κδ.
1586 1149 1662 1212 qua
1679 1132 1724 1192 ad
1747 1132 1808 1192 Sa-

407 1232 503 1296 lustii
530 1241 690 1314 nepotem
720 1232 871 1315 scripta:
899 1227 1027 1314 Crispe
1048 1233 1186 1295 Salustl
1214 1244 1248 1298 et
1269 1237 1366 1298 Auct.
1391 1232 1478 1296 belli
1500 1232 1654 1297 Africani
1672 1273 1689 1308 c
1705 1241 1807 1316 atque

408 1337 460 1399 ihi
483 1336 601 1419 Crispo
619 1335 767 1399 Salustio
796 1355 872 1398 cum
894 1333 1040 1418 imperio
1063 1335 1193 1398 relicto.
1206 1337 1226 1368 '’
1260 1337 1327 1401 Cir.
1343 1338 1500 1422 Jugurth.
1518 1359 1546 1400 c.
1566 1353 1615 1419 27.
1643 1339 1680 1400 L.
1697 1338 1807 1401 Bestia

409 1441 613 1524 Calpurnius
633 1441 706 1503 Liv.
720 1441 855 1504 XXVII.
876 1442 905 1502 6.
927 1440 1063 1502 Crassus
1082 1439 1245 1502 Licinius.
1264 1441 1398 1504 cornel.
1414 1445 1498 1524 Nep.
1512 1440 1583 1502 vita
1596 1441 1700 1505 Attici
1718 1463 1745 1504 o.
1760 1443 1807 1504 18.

417 1545 572 1607 Marcelli
594 1545 749 1627 Claudii,
761 1544 940 1626 Scipionis
959 1543 1130 1626 Cornelii,
1143 1543 1262 1621 Vellej.
1275 1544 1470 1609 Paterculus
1483 1545 1525 1606 11.
1548 1545 1586 1605 26
1598 1552 1631 1606 et
1640 1560 1689 1623 27.
1709 1544 1807 1608 otet-

409 1649 444 1712 la
464 1649 656 1725 Lucretius;
676 1647 737 1710 ubi
758 1647 986 1710 Ruhnkcnius
1007 1666 1134 1710 nomen
1152 1650 1243 1730 apud
1262 1647 1434 1724 vettejum
1454 1647 1599 1732 singulis
1616 1645 1687 1710 fere
1707 1647 1808 1732 pagi·

413 1753 465 1816 nis
482 1752 701 1836 postponitur
725 1751 958 1835 cognomini.'’
993 1749 1061 1814 Cic.
1078 1753 1138 1834 Ep.
1159 1753 1202 1814 ad
1220 1750 1321 1813 Attio.
1334 1753 1377 1813 ll.
1398 1768 1446 1816 ra.
1474 1752 1606 1814 Balbus
1628 1750 1808 1815 Cornelius

410 1861 537 1922 Seneca
560 1862 602 1920 de
629 1857 680 1919 ira
702 1859 760 1918 ΙΙΙ.
786 1861 836 1919 ³0.
856 1855 994 1918 Cimber
1010 1853 1164 1932 Tullius;
1189 1856 1233 1917 de
1254 1873 1322 1936 qua
1344 1855 1485 1936 quidem
1506 1873 1641 1920 recum
1660 1854 1723 1916 alii
1740 1852 1808 1918 riri

412 1964 519 2046 docti,
537 1973 608 2026 tum
632 1960 829 2044 nuperrime
849 1958 1072 2023 Heinriehius
1088 1958 1158 2044 egit
1171 1957 1240 2020 Cic.
1258 1959 1365 2022 Oratt.
1379 1979 1443 2042 pro
1457 1959 1582 2022 Scauro
1594 1983 1628 2044 p.
1642 1961 1717 2024 8.-
1729 1958 1807 2020 Jam

412 2071 506 2150 quod
524 2066 721 2128 Muellerus.
742 2063 835 2146 (vide
851 2063 922 2140 ejus
941 2062 1069 2146 praefat.
1085 2063 1124 2125 in
1142 2062 1256 2143 Catil.)
1275 2062 1459 2126 Salustium
1471 2063 1667 2127 Terentiam
1679 2064 1716 2126 in
1737 2083 1807 2126 ma·

411 2171 613 2236 trimonium
632 2169 767 2231 duxisse
782 2177 900 2252 negat,
920 2167 1025 2248 idque
1046 2165 1134 2230 effici
1146 2185 1244 2248 posse
1256 2173 1352 2250 putat
1363 2166 1421 2250 iis,
1442 2185 1528 2248 quos
1545 2167 1679 2250 laudat,
1700 2169 1809 2252 scrip-

290 2355 296 2362 ,
413 2287 526 2340 torum
549 2275 769 2354 antiquorum
796 2271 899 2354 locis,
926 2271 1039 2356 (Plin.
1064 2269 1152 2334 Hist.
1179 2273 1253 2333 Nat.
1282 2272 1355 2335 Vll.
1376 2291 1403 2334 c.
1429 2287 1480 2349 49.
1499 2291 1577 2357 pag.
1600 2286 1650 2352 47.
1671 2273 1732 2334 Ed,
1752 2272 1809 2335 Bi.

411 2391 508 2469 pout.
528 2379 603 2444 Val.
622 2380 709 2444 Max.
726 2379 818 2441 VIII.
842 2381 888 2438 13.
903 2380 932 2438 6.
959 2376 1027 2439 Dio
1048 2376 1135 2439 Cass.
1154 2378 1203 2454 ⁵7·
1226 2373 1388 2456 15.)haec
1412 2373 1488 2436 loca
1510 2393 1580 2437 non
1604 2373 1684 2437 satis
1709 2395 1809 2438 accu-

413 2498 484 2550 rate
502 2483 708 2550 examinasse
727 2483 880 2560 videtum
901 2480 992 2548 nihil
1010 2479 1211 2564 aliudjenim
1228 2481 1373 2561 docent,
1388 2498 1491 2560 quam
1512 2478 1587 2540 Clll
1611 2497 1719 2542 annos
1749 2499 1807 2544 ex-

413 2589 558 2674 plevisse
576 2586 778 2652 Terentiam.
