4116 4970
398 364 447 459 54

399 577 486 623 num
502 557 592 620 Med.
604 576 635 624 2.
656 574 731 620 non
743 549 880 644 legibus
888 551 1016 646 magis.
1040 553 1101 620 cfr.
1110 556 1188 620 Tac.
1197 556 1286 620 Ano.
1299 557 1329 622 3.
1344 559 1382 620 26
1396 580 1405 637 γ
1427 551 1802 645 Germ.19.insupplr'·

398 659 467 728 ciis
486 663 509 726 i.
519 683 549 726 e.
569 661 672 726 sacris
691 661 880 742 faciendis7
898 660 1053 726 escrest.
1073 657 1254 744 supplicia
1274 673 1405 726 veteres
1426 659 1800 752 quaedamsocrt'ficin

399 763 672 852 asupplicondo
696 766 884 832 vocabant.
905 767 964 830 cfr.
972 770 1082 831 Varro
1097 769 1139 830 de
1158 769 1199 830 R.
1213 769 1253 828 R.
1267 769 1310 830 11.
1329 772 1357 830 5.
1384 763 1565 834 Victimas
1584 771 1636 834 od
1647 771 1800 836 deorum

398 880 545 938 servant
561 867 751 956 supplicia.
771 874 823 936 De
843 873 922 936 aliis
943 873 1047 950 hujus'
1066 871 1160 936 vocis
1180 871 1497 957 significationibus
1523 875 1603 940 vide
1631 875 1728 938 catil.
1759 877 1798 940 52

397 981 476 1064 lug.
489 981 539 1056 46.
555 979 604 1042 55.
636 980 792 1041 Ceterum
812 976 850 1040 in
879 975 981 1054 hujus
1001 995 1138 1058 quoque
1158 975 1253 1040 vocis
1279 997 1343 1040 usu
1371 977 1440 1042 851.
1468 979 1598 1063 priscos
1618 978 1799 1063 scriptores

398 1084 551 1147 imitatus
572 1092 631 1146 est.
650 1081 709 1146 cfr.
729 1086 817 1146 Non.
838 1081 992 1167 Marcell.
1011 1084 1068 1147 tv.
1090 1082 1160 1157 453.
1189 1082 1310 1146 Isidor.
1335 1083 1453 1169 Origg.
1476 1087 1516 1150 V.
1538 1105 1584 1165 17.
1615 1080 1798 1168 Supplicia

397 1186 614 1254 dicebantur
631 1184 942 1272 supplicamenta,
972 1189 1015 1249 de
1037 1208 1073 1250 re
1093 1185 1154 1258 cfr.
1176 1187 1245 1251 Cic.
1271 1207 1335 1270 pro
1353 1189 1472 1252 Flacco
1494 1209 1522 1250 c.
1543 1209 1591 1252 ιι.
1610 1188 1687 1252 Aul.
1708 1187 1797 1254 Gell.

398 1299 438 1358 N.
457 1297 495 1356 A.
515 1296 559 1362 II.
582 1309 631 1368 24.
654 1299 692 1355 in
714 1287 858 1374 amiam,
888 1293 977 1354 hanc
1001 1291 1185 1358 lectionem
1206 1293 1410 1356 confirmant
1430 1297 1516 1356 Bon.
1536 1293 1644 1360 Vatic.
1668 1316 1695 1356 ι.
1715 1294 1744 1356 3.
1766 1307 1797 1368 4.

397 1397 487 1462 Flor.
507 1415 556 1461 ιι.
577 1399 668 1463 Med.
684 1401 712 1459 5.
728 1419 774 1458 ιι.
790 1414 837 1460 ιι.
857 1399 942 1462 Veu.
955 1413 985 1474 4.
1006 1418 1051 1460 ιιι.
1060 1419 1111 1481 pr.
1131 1399 1207 1482 pari
1224 1401 1327 1463 modo
1343 1417 1414 1481 cap.
1431 1418 1479 1459 ιι.
1501 1393 1539 1460 in
1555 1393 1689 1461 civibus
1708 1399 1795 1460 ctio.

398 1501 436 1567 in
446 1497 618 1592 furibus,
638 1503 716 1585 lug.
730 1507 779 1564 53.
801 1497 839 1564 in
855 1499 1044 1586 pluribus,
1073 1502 1133 1564 cfr.
1154 1505 1225 1569 Cat.
1246 1523 1317 1588 cap.
1334 1507 1383 1568 5ι.
1403 1505 1480 1589 Jug.
1495 1525 1523 1568 c.
1545 1506 1594 1566 5ι.
1615 1521 1722 1588 genus
1743 1502 1796 1565 di-

397 1607 499 1672 cendi
520 1607 623 1670 etiam
644 1606 793 1669 aliorum
813 1606 1018 1692 scriptorum
1038 1608 1239 1674 auctoritate
1259 1608 1442 1672 firmatum.
1473 1609 1542 1672 Cic.
1556 1609 1594 1672 in
1610 1611 1706 1697 Verr.
1718 1609 1745 1671 L
1769 1629 1797 1696 ι.

399 1721 435 1777 et
453 1708 623 1802 sisortes
633 1706 792 1797 fueritis
812 1709 851 1776 in
872 1733 932 1796 eo,
954 1733 1057 1794 quem
1069 1731 1174 1778 nemo
1187 1711 1237 1778 sit
1252 1735 1364 1778 ausus
1379 1709 1577 1804 defendere.
1596 1711 1692 1778 offic.
1704 1703 1731 1784 I.
1749 1731 1797 1790 ι4.

397 1814 464 1902 qui
482 1815 568 1882 aliis
588 1824 722 1882 nocent
741 1826 778 1879 ut
799 1817 837 1880 in
856 1817 936 1880 aliis
955 1818 1116 1882 liberales
1134 1818 1212 1882 sint.
1233 1820 1343 1882 Plaut.
1364 1819 1437 1880 Mil.
1459 1819 1553 1882 Glor.
1574 1823 1603 1881 ³.
1625 1841 1651 1882 1.
1668 1841 1715 1902 ιγ.
1726 1815 1796 1907 sa·

397 1922 467 1988 cile
487 1931 540 1986 ert
560 1917 749 2007 imperium
770 1920 810 1987 in
831 1921 943 1988 bonis.
970 1923 1069 1986 ovid.
1086 1923 1186 1988 Trist.
1203 1927 1232 1996 5.
1251 1941 1280 1986 ι.
1299 1927 1356 1987 36ι
1376 1945 1502 2005 ..saepe
1521 1945 1588 1988 suo
1612 1923 1727 1988 victor
1747 1927 1795 1988 le·

319 2070 320 2074 =
396 2025 455 2094 m's
476 2026 514 2094 in
525 2029 627 2093 hoste
629 2022 755 2119 suit'',
772 2049 848 2111 quae
863 2030 939 2092 loca
949 2029 1083 2093 Cortius
1097 2028 1250 2092 laudavit
1263 2033 1307 2090 ad
1320 2027 1415 2092 Catil.
1426 2031 1475 2091 52.
1502 2064 1545 2080 -
1576 2048 1683 2110 seque
1702 2051 1794 2092 rem·

397 2157 466 2220 que
480 2131 667 2220 publicam
689 2133 883 2199 curabant.
913 2137 1060 2220 Zeugma
1078 2135 1173 2197 haud
1193 2133 1352 2198 absimile
1371 2133 1451 2197 vide
1471 2133 1563 2196 inlra
1576 2135 1734 2219 lugurtb.
1745 2137 1795 2197 55.

393 2261 502 2322 seque
522 2247 633 2322 atque
653 2237 852 2304 exereitum
875 2258 975 2304 more
994 2236 1179 2330 majorum
1197 2245 1351 2327 gereret.
1382 2236 1442 2301 cfr.
1464 2238 1568 2302 etiam
1589 2237 1795 2318 Massurium

393 2345 561 2410 Sabinum
589 2347 681 2429 apud
706 2345 833 2406 Aulum
854 2343 1006 2408 Gellium
1025 2347 1080 2410 1v.
1102 2362 1151 2406 uo.
1194 2347 1277 2433 Ego
1300 2365 1354 2407 me
1374 2363 1484 2428 curo,
1503 2365 1634 2425 equum
1655 2342 1796 2408 Statius

396 2447 507 2516 nihili
530 2471 649 2515 servos
675 2487 716 2500 -
747 2449 963 2514 documenta
990 2450 1080 2512 haec
1107 2448 1221 2513 liabeo
1250 2449 1273 2512 i.
1295 2469 1325 2514 e.
1350 2452 1576 2533 documento,
1598 2447 1793 2512 testimonio

396 2555 485 2618 mibi
505 2565 594 2616 sunt.
628 2555 719 2617 bello
742 2561 969 2616 excesserant
991 2554 1080 2614 Flor.
1094 2574 1121 2614 ι.
1137 2575 1183 2632 ιγ.
1204 2555 1265 2616 sed
1285 2553 1388 2617 ceteri
1409 2554 1493 2617 libri
1509 2562 1704 2618 constanter
1723 2573 1792 2618 mc·

395 2660 521 2724 liorem
536 2657 721 2722 lectionem
742 2655 899 2720 retinent.
932 2651 1157 2718 uindicatum
1185 2665 1248 2720 est.
1276 2659 1418 2720 verbum
1447 2659 1695 2723 substantivum
1720 2679 1789 2730 om.

347 2803 349 2810 ·
393 2767 478 2832 ch.
491 2779 525 2840 4.
544 2759 721 2850 beneficiis
742 2782 851 2845 quom
870 2767 987 2845 metu,
1007 2781 1085 2824 cum
1099 2761 1260 2826 meliores
1273 2762 1357 2825 libri
1371 2763 1489 2853 magis
1502 2765 1696 2850 omiserint,
1717 2764 1793 2849 (ri-

355 2877 358 2884 '
394 2875 439 2936 de
458 2870 618 2938 Varietat.
635 2868 772 2932 lection.
794 2869 891 2932 Tom.
906 2869 933 2930 Ι.
953 2891 987 2952 p.
1005 2879 1068 2949 ra.)
1092 2867 1208 2933 nescio
1230 2870 1315 2952 quid
1328 2871 1496 2957 Largium
1515 2870 1692 2955 impulerit
1712 2881 1750 2934 ut
1772 2891 1791 2933 5

393 2981 500 3044 Codd.
518 2975 720 3041 auctoritate
739 2978 930 3060 recederet,
952 2995 1030 3038 oum
1050 2994 1122 3039 ιιοιι
1141 2977 1254 3041 solum
1273 2980 1409 3042 Tacitus
1428 2980 1521 3042 hunc
1534 2997 1633 3042 usum
1645 2977 1793 3058 loquen-

394 3086 438 3147 di*
461 3093 594 3148 tueatur
621 3083 742 3145 Annal.
761 3083 789 3144 5.
805 3085 833 3145 5.
854 3103 918 3146 uos
939 3081 1104 3146 obtestor
1121 3103 1167 3146 ne
1182 3079 1398 3148 memoriam
1421 3079 1544 3147 nostri
1563 3103 1632 3165 per
1652 3102 1791 3146 moero·

392 3211 469 3253 rem
492 3209 599 3270 quam
621 3184 711 3248 laeti
729 3182 932 3249 retinentis.
959 3186 1018 3248 cfr.
1039 3188 1161 3250 Annal.
1185 3212 1211 3254 1.
1230 3206 1258 3250 a.
1278 3191 1327 3252 52.
1342 3191 1391 3270 5γ.
1408 3191 1458 3251 58.
1472 3189 1522 3250 68.
1543 3189 1657 3250 Germ.
1671 3190 1699 3251 6.
1730 3189 1789 3250 sed

391 3293 496 3359 etiam
517 3292 656 3354 Plautus
673 3289 720 3351 ita
740 3289 874 3349 locutus
893 3287 946 3349 sit.
969 3287 1029 3349 cfr.
1050 3289 1159 3350 Plaut.
1174 3293 1314 3354 Rudcns
1333 3307 1361 3366 4.
1376 3308 1404 3367 4.
1424 3310 1473 3372 72.
1494 3289 1611 3355 tacita
1634 3292 1728 3355 bono
1746 3293 1790 3354 ’st

394 3392 526 3461 mulier
545 3416 699 3476 semper,
731 3415 839 3474 quam
861 3395 1021 3474 loquens.
1050 3393 1158 3456 Plaut.
1187 3396 1385 3460 Menaecbm.
1402 3399 1430 3461 5.
1448 3419 1474 3468 ι.
1496 3415 1544 3479 ιγ.
1575 3393 1663 3479 quin
1685 3389 1788 3460 vidua

393 3499 504 3568 ulrum
527 3518 635 3582 quam
658 3505 741 3560 tuos
761 3517 879 3564 mores
896 3492 1092 3584 perferam.
1121 3501 1316 3581 Sequuntur
1342 3503 1524 3587 scriptores*
1544 3521 1676 3566 morem
1695 3502 1788 3564 Grae·

392 3623 522 3673 corum.
542 3603 602 3668 cfr.
627 3603 724 3676 ¹Voss.
745 3603 787 3664 dc
808 3600 1063 3665 Constructionc
1096 3623 1168 3688 cap.
1184 3607 1267 3667 LXI.
1298 3608 1459 3672 Valcken.
1480 3610 1523 3670 ad
1544 3611 1672 3672 Herod.
1692 3613 1721 3670 5.
1737 3622 1785 3682 4ο.

393 3717 511 3778 Herm.
533 3713 577 3776 ad
599 3709 713 3795 Vigor.
724 3727 800 3794 pag.
816 3708 885 3783 884.
912 3706 1060 3772 Schaeser
1079 3713 1123 3774 ad
1143 3711 1261 3775 Lumb.
1279 3713 1353 3776 Bos.
1374 3713 1437 3775 Ell.
1457 3735 1491 3796 p.
1508 3733 1577 3793 770.
1601 3711 1724 3775 Jacobs
1744 3716 1787 3774 ad

392 3809 532 3880 Anthol.
550 3821 588 3881 T.
605 3839 631 3879 1.
649 3839 675 3880 1.
694 3839 727 3900 p.
746 3838 812 3896 117.
834 3815 872 3882 T.
888 3833 916 3878 2.
933 3837 959 3876 ι.
972 3817 1021 3895 69.

438 3923 519 4006 Cap.
529 3923 570 3983 X.
589 3923 785 4011 Ignoscere
812 3941 921 4002 quam
939 3915 1117 4002 persequi.
1144 3929 1327 4003 utrumque
1349 3921 1504 3985 absolute
1526 3921 1672 4006 dictum,
1693 3924 1786 4004 quod

390 4026 582 4113 simplicius
602 4036 635 4087 et
655 4026 763 4107 magis
783 4046 824 4089 ex
845 4045 940 4086 more
960 4025 1149 4108 priscorum
1170 4036 1357 4089 auctorum.
1373 4026 1562 4108 patebant.
1584 4029 1672 4091 bene
1693 4047 1787 4090 com·

388 4143 529 4222 paratur
548 4131 781 4205 Thuc.II.41.
802 4123 888 4196 dati
906 4131 1009 4198 πιῒσιιν
1027 4125 1087 4216 μἰἰ
1106 4127 1273 4200 elsam
1293 4127 1347 4198 ccl
1366 4133 1443 4216 γῖν,
1463 4127 1634 4222 s'rssallrlqi
1658 4130 1785 4228 iprllgqc

381 4240 482 4332 Ἰὅλμγ
509 4229 951 4324 ιιιἹιιιιιγιιιίιιιιΊις·γιιι’σθαι
989 4244 1022 4298 et
1052 4253 1154 4316 quem
1180 4235 1296 4299 locum
1325 4235 1459 4300 Gortius
1497 4237 1644 4301 contulit
1675 4237 1784 4303 Plaut.
