4116 4970
362 389 409 438 12

327 579 337 588 ·
365 556 553 618 Rhetorem
569 550 696 638 igitur,
714 552 770 614 rel
789 549 987 632 quicunque
1006 566 1064 614 eas
1089 543 1292 630 conscripsit
1313 544 1509 630 probabilia
1525 553 1679 608 secutum
1698 560 1773 610 esse

362 660 422 727 rix
442 667 508 742 est,
530 661 624 739 quod
643 657 789 720 dubites.
822 659 869 718 Ea
892 656 986 721 enim
1011 664 1044 720 et
1071 653 1145 718 stili
1165 662 1197 718 ct
1215 652 1409 739 argumenti
1428 652 1517 716 ratic
1546 671 1616 716 esse
1635 651 1772 735 debuit,

363 776 401 830 ut
423 766 496 828 haec
513 763 705 849 legentibus
728 761 927 847 persuaderi
946 781 1045 844 posse
1058 761 1269 824 viderentur.
1299 761 1402 844 Quod
1421 777 1574 840 quonam
1595 760 1700 822 modo
1726 753 1771 820 fi-

364 871 415 937 eri
435 878 584 953 poterat,
604 870 632 933 si
644 879 763 934 auctor
785 889 900 932 rerum
915 867 983 930 fide
1000 867 1103 951 plane
1115 866 1270 950 neglecta
1287 865 1368 928 satis
1387 863 1561 928 habuisset
1573 859 1772 928 foedissimis

362 973 526 1038 conviciis
545 975 684 1038 Salustii
700 974 901 1038 memoriam
918 973 1162 1057 proscindere?

442 1081 508 1144 Sed
527 1101 587 1142 cur
608 1081 738 1144 alienos
759 1089 856 1142 testes
875 1098 1120 1161 provocamus,
1141 1098 1219 1140 cum
1242 1073 1408 1139 Salustius
1426 1072 1499 1156 ipse
1516 1072 1688 1156 professus
1709 1069 1770 1160 sit,

360 1202 396 1250 se
413 1185 673 1252 existimationis
691 1185 934 1249 detrimentum
963 1184 1104 1248 fecisse?
1133 1183 1289 1247 Catilinae
1313 1178 1454 1243 initium
1480 1187 1512 1242 et
1535 1179 1774 1260 inprimisca·

361 1301 424 1376 put
443 1293 582 1356 tertium
602 1288 669 1371 32.)
691 1289 880 1351 accuratius
899 1288 1137 1372 pertractanti,
1169 1287 1315 1352 dubium
1335 1303 1405 1350 esse
1433 1305 1503 1348 non
1532 1295 1662 1368 potest,
1683 1283 1770 1367 quin

312 1421 316 1430 ·
360 1398 525 1480 scriptor,
543 1395 614 1458 sire
630 1395 725 1475 quod
743 1393 957 1476 libidinum,
972 1393 1099 1474 quibus
1114 1400 1192 1454 ante
1209 1400 1399 1474 exarserat,
1419 1390 1558 1454 taedium
1574 1409 1652 1454 eum
1671 1409 1774 1473 cepe-

364 1509 436 1582 rat,
454 1500 525 1562 sive
544 1499 637 1578 quod
662 1497 768 1560 rubor
793 1496 1003 1581 flagitiorum
1028 1517 1107 1560 eum
1128 1495 1297 1578 subierat,
1318 1496 1513 1581 legentibus
1539 1497 1581 1558 dc
1601 1513 1716 1558 errore
1737 1504 1773 1558 et

362 1603 593 1668 adolescentia
611 1621 682 1668 sese
702 1621 859 1664 excusare
873 1600 1034 1664 voluerit.
1063 1600 1209 1663 Silentio
1226 1600 1298 1664 hac
1311 1600 1568 1682 pretermittere
1583 1599 1770 1682 sapientius

364 1717 455 1792 erat,
473 1710 532 1772 sed
555 1726 672 1772 severo
688 1706 810 1772 alienae
831 1706 1032 1791 ignominiae
1055 1706 1188 1770 censori
1204 1705 1307 1770 venia
1328 1707 1516 1788 expetenda
1536 1724 1605 1768 esse
1629 1705 1772 1776 videlia-

364 1821 451 1896 tur,
475 1833 518 1876 ne
545 1833 663 1896 graves
689 1812 762 1876 istas
797 1811 1054 1876 criminationes
1081 1812 1119 1874 in
1152 1812 1264 1896 ipsum
1292 1806 1494 1876 reciderent.
1525 1813 1627 1872 Hunc
1656 1810 1773 1873 locum-

363 1916 506 1980 iorsitan
520 1927 642 2002 erunt,
663 1917 726 2000 qui
743 1917 844 1980 aliter
867 1916 1158 2000 interpretentur,
1173 1918 1300 1998 quibus
1324 1915 1426 1980 facile
1452 1914 1602 2000 largior,
1613 1923 1650 1978 ut
1667 1935 1773 1996 quam

363 2021 480 2086 animo
509 2022 729 2108 conceperint
762 2019 985 2105 opinionem,
1011 2019 1193 2105 omnibns,
1214 2041 1289 2103 que
1320 2030 1530 2104 suppetant,
1564 2019 1773 2104 argumentis

363 2127 564 2209 defendaut3
584 2132 644 2194 sed
658 2128 861 2194 interiorem
878 2127 1055 2213 scriptoris
1074 2145 1211 2194 sensum
1223 2125 1393 2208 eiusmodi
1414 2124 1616 2208 interpretes
1638 2124 1773 2207 assequi

362 2253 477 2318 posse,
496 2235 554 2298 vix
574 2236 794 2300 crediderim.

444 2339 510 2402 Sed
533 2362 609 2422 quae
628 2344 739 2405 adhuc
753 2342 1018 2427 disputavimus,
1031 2344 1075 2406 ad
1088 2341 1280 2422 juvenilem
1292 2339 1433 2406 Salustii
1449 2345 1580 2404 atatem
1598 2337 1775 2422 pertinent

359 2451 465 2526 etque
484 2435 640 2508 hanc'ob
658 2467 794 2508 causam
815 2447 949 2510 Gallico
971 2459 1061 2511 certe
1081 2447 1201 2511 critico
1228 2447 1366 2511 veniam
1390 2445 1498 2510 aetatis
1525 2447 1650 2508 habere
1676 2444 1780 2508 ride·

363 2549 500 2610 bantur.
533 2549 759 2610 Numidarum
780 2569 862 2611 vcro
892 2552 1026 2613 vexatio
1047 2551 1172 2628 quibus
1194 2553 1437 2616 excusabitur?
1458 2554 1626 2616 Remesse
1648 2549 1775 2612 iactum

364 2651 517 2736 negabis.
537 2653 612 2713 Hoc
634 2671 711 2712 cum
729 2654 909 2713 commode
926 2651 1002 2738 lieri
1016 2673 1086 2714 non
1103 2654 1227 2735 possit,
1249 2655 1500 2740 (impugnanda
1517 2657 1610 2720 enim
1631 2664 1679 2718 est
1694 2674 1777 2740 gra·

364 2754 497 2819 vissiml
516 2755 582 2819 viri
594 2755 817 2840 auctoritas),
835 2756 1019 2820 Salustium
1029 2755 1127 2835 jussu
1136 2759 1275 2820 usseris
1292 2771 1463 2844 coactum,
1483 2761 1615 2825 facinus
1631 2760 1776 2824 commi-

365 2860 445 2928 sisse
454 2863 556 2926 dices.
577 2863 714 2949 Quodsi
723 2862 849 2926 factum
864 2871 964 2947 esset,
974 2863 1318 2929 nescioanSalustius
1336 2867 1500 2945 majorem
1519 2868 1622 2929 etiarn
1636 2868 1772 2950 culpam

365 2967 404 3032 in
421 2987 455 3032 se
467 2970 654 3034 admiserit.
685 2972 778 3056 Quid
795 2971 888 3034 enim
911 2977 1007 3053 erat,
1028 2971 1121 3050 quod
1142 2989 1221 3032 eum
1242 2972 1481 3054 compelleret,
1502 2981 1540 3033 ut
1575 2973 1614 3034 in
1637 2971 1775 3035 Caesnris

366 3083 473 3135 castra
493 3097 528 3138 se
545 3077 739 3142 conferret?
770 3081 899 3160 Nempe
916 3074 1066 3160 partium
1089 3077 1241 3140 studium
1263 3085 1295 3140 et
1315 3077 1531 3139 fortunarum
1548 3097 1684 3139 suarum
1701 3076 1778 3140 rui-

368 3196 422 3238 na.
452 3178 517 3238 Sed
531 3181 599 3240 viri
618 3201 729 3242 mores
746 3191 967 3262 cognoverat,
988 3202 1091 3259 quem
1112 3200 1227 3244 amore
1251 3184 1448 3265 complexus
1473 3191 1539 3258 est;
1562 3203 1673 3262 neque
1695 3203 1774 3245 eum

368 3279 487 3364 latuit,
505 3281 630 3362 quibus
655 3283 785 3344 artibus
805 3284 916 3344 Cesar
940 3291 1039 3343 tantae
1066 3282 1284 3346 liberalitatis
1300 3285 1426 3348 famam
1448 3285 1639 3350 sustineret.
1673 3287 1775 3371 Qrmd

369 3562 465 3623 mule
485 3554 649 3640 Arpinas
672 3565 705 3620 et
725 3557 863 3620 Lib.lV.
886 3579 913 3620 r.
936 3557 1043 3638 quid?
1064 3559 1140 3620 Non
1160 3557 1326 3621 Salustius
1342 3558 1474 3624 directo
1495 3564 1538 3624 ad
1559 3561 1777 3645 Ciceronem,

370 3667 409 3727 in
432 3686 534 3747 quem
559 3663 672 3748 ipsum
691 3663 844 3746 dicebat,
876 3683 956 3726 usus
976 3672 1025 3726 est
1046 3662 1220 3747 principio
1252 3675 1284 3728 et
1306 3665 1446 3747 quidem
1465 3668 1651 3749 protinus?
1683 3669 1790 3734 Gran.

371 3765 460 3832 viler
480 3779 514 3832 et
539 3766 665 3852 iniquo
684 3766 808 3832 animo
829 3765 1025 3834 maledieta
1042 3779 1108 3832 tua
1121 3779 1274 3851 paterer·
1296 3772 1352 3835 M.
1375 3768 1489 3835 Tulli.

416 3873 481 3954 32.)
502 3875 567 3936 Sed
577 3895 640 3959 ego
650 3875 924 3937 adulescentulus
934 3875 1036 3938 initio
1048 3875 1146 3937 sicuti
1157 3875 1328 3958 plerique,
1341 3877 1455 3940 studio
1468 3880 1511 3941 ad
1524 3876 1774 3960 rempublicam

370 3988 458 4061 latus
477 3998 568 4054 sum;
590 3977 709 4057 ibique
730 3978 819 4040 mihi
837 3979 944 4040 multa
961 3983 1103 4043 advorsa
1126 3980 1231 4042 sucre.
1266 3985 1352 4041 Nam
1371 4000 1435 4063 pro
1458 3985 1612 4067 pudore,
1631 4003 1695 4066 pro
1716 3982 1777 4042 ab·

372 4082 547 4170 stinentia,
568 4102 632 4165 pro
649 4082 792 4166 virtute,
817 4084 977 4167 audacia,
993 4085 1151 4170 largitio,
1174 4085 1317 4148 avaritia
1335 4086 1506 4170 vigebant.
1538 4090 1620 4172 Quae
1640 4086 1778 4151 tametsi

371 4187 506 4252 enimus
527 4187 952 4273 aspernabatur,insolens
966 4191 1134 4252 malarum
1153 4182 1298 4275 artium,
1328 4199 1441 4256 tamen
1466 4193 1557 4257 inter
1579 4201 1672 4257 tanta
1692 4193 1778 4256 vitia
